<?xml version="1.0" encoding="UTF-8"?>
<!DOCTYPE html PUBLIC "-//W3C//DTD XHTML 1.0 Transitional//EN"
    "http://www.w3.org/TR/xhtml1/DTD/xhtml1-transitional.dtd">
<html xmlns="http://www.w3.org/1999/xhtml" xml:lang="en" lang="en">
 <head>
  <title>
</title>
<meta http-equiv="Content-Type" content="text/html;charset=utf-8" />
  <meta name='ocr-system' content='tesseract 3.04.00' />
  <meta name='ocr-capabilities' content='ocr_page ocr_carea ocr_par ocr_line ocrx_word'/>
</head>
<body>
  <div class='ocr_page' id='page_1' title='image "./vitaeexcellentiu01nepouoft_0415.png"; bbox 0 0 2326 3860; ppageno 0'>
   <div class='ocr_carea' id='block_1_1' title="bbox 715 267 1553 311">
    <p class='ocr_par' dir='ltr' id='par_1_1' title="bbox 715 267 1553 311">
     <span class='ocr_line' id='line_1_1' title="bbox 715 267 1553 311; baseline -0.005 0"><span class='ocrx_word' id='word_1_1' title='bbox 715 269 1028 311; x_wconf 75' lang='lat' dir='ltr'>AUCTORIS</span> <span class='ocrx_word' id='word_1_2' title='bbox 1069 267 1553 310; x_wconf 80' lang='lat' dir='ltr'>PRAEF&#39;ATIONEM.</span> 
     </span>
    </p>
   </div>
   <div class='ocr_carea' id='block_1_2' title="bbox 206 386 1097 1010">
    <p class='ocr_par' dir='ltr' id='par_1_2' title="bbox 206 386 1097 1010">
     <span class='ocr_line' id='line_1_2' title="bbox 216 386 1097 442; baseline -0.003 -11"><span class='ocrx_word' id='word_1_3' title='bbox 216 387 467 441; x_wconf 68' lang='grc' dir='ltr'><strong><em>εὐσχημόνως</em></strong></span> <span class='ocrx_word' id='word_1_4' title='bbox 483 387 548 430; x_wconf 69' lang='grc' dir='ltr'>καὶ</span> <span class='ocrx_word' id='word_1_5' title='bbox 566 386 755 442; x_wconf 69' lang='grc' dir='ltr'><strong><em>εὐρύθμως</em></strong></span> <span class='ocrx_word' id='word_1_6' title='bbox 773 387 962 442; x_wconf 63' lang='grc' dir='ltr'><strong><em>σχήματα</em></strong></span> <span class='ocrx_word' id='word_1_7' title='bbox 979 389 1023 428; x_wconf 81' lang='grc' dir='ltr'>ἐν</span> <span class='ocrx_word' id='word_1_8' title='bbox 1036 386 1097 440; x_wconf 79' lang='grc' dir='ltr'>ὄρ-</span> 
     </span>
     <span class='ocr_line' id='line_1_3' title="bbox 214 451 1095 504; baseline -0.003 -10"><span class='ocrx_word' id='word_1_9' title='bbox 214 453 334 504; x_wconf 73' lang='grc' dir='ltr'><strong><em>χήσει</em></strong></span> <span class='ocrx_word' id='word_1_10' title='bbox 361 454 576 494; x_wconf 76' lang='grc' dir='ltr'><strong><em>ποιοῦντες.</em></strong></span> <span class='ocrx_word' id='word_1_11' title='bbox 643 453 702 493; x_wconf 91' lang='lat' dir='ltr'>Et</span> <span class='ocrx_word' id='word_1_12' title='bbox 733 452 842 493; x_wconf 89' lang='lat' dir='ltr'>banc</span> <span class='ocrx_word' id='word_1_13' title='bbox 873 451 1095 503; x_wconf 84' lang='lat' dir='ltr'>conjectu·</span> 
     </span>
     <span class='ocr_line' id='line_1_4' title="bbox 213 514 1096 567; baseline -0.003 -9"><span class='ocrx_word' id='word_1_14' title='bbox 213 530 305 558; x_wconf 87' lang='lat' dir='ltr'>ram</span> <span class='ocrx_word' id='word_1_15' title='bbox 324 519 519 559; x_wconf 87' lang='lat' dir='ltr'>muniunt</span> <span class='ocrx_word' id='word_1_16' title='bbox 537 518 620 557; x_wconf 86' lang='lat' dir='ltr'>ista</span> <span class='ocrx_word' id='word_1_17' title='bbox 638 515 843 567; x_wconf 81' lang='lat' dir='ltr'><strong>Pollucis,</strong></span> <span class='ocrx_word' id='word_1_18' title='bbox 875 514 953 556; x_wconf 87' lang='lat' dir='ltr'>ubi</span> <span class='ocrx_word' id='word_1_19' title='bbox 976 516 1029 555; x_wconf 87' lang='lat' dir='ltr'>de</span> <span class='ocrx_word' id='word_1_20' title='bbox 1050 527 1096 555; x_wconf 90' lang='lat' dir='ltr'>re</span> 
     </span>
     <span class='ocr_line' id='line_1_5' title="bbox 212 576 1096 632; baseline -0.005 -10"><span class='ocrx_word' id='word_1_21' title='bbox 212 582 438 622; x_wconf 71' lang='lat' dir='ltr'><strong>saltatoria</strong></span> <span class='ocrx_word' id='word_1_22' title='bbox 472 586 679 632; x_wconf 85' lang='lat' dir='ltr'>tractans,</span> <span class='ocrx_word' id='word_1_23' title='bbox 721 576 1021 630; x_wconf 76' lang='grc' dir='ltr'><strong><em>εὐσχημοσύνην</em></strong></span> <span class='ocrx_word' id='word_1_24' title='bbox 1050 584 1096 619; x_wconf 90' lang='lat' dir='ltr'>et</span> 
     </span>
     <span class='ocr_line' id='line_1_6' title="bbox 213 640 1096 696; baseline -0.002 -11"><span class='ocrx_word' id='word_1_25' title='bbox 213 643 415 696; x_wconf 74' lang='grc' dir='ltr'><strong><em>εὐρυθμίαν</em></strong></span> <span class='ocrx_word' id='word_1_26' title='bbox 432 643 670 696; x_wconf 77' lang='lat' dir='ltr'>conjungit.</span> <span class='ocrx_word' id='word_1_27' title='bbox 697 661 701 665; x_wconf 95' lang='lat'>·</span> <span class='ocrx_word' id='word_1_28' title='bbox 725 640 1000 684; x_wconf 79' lang='lat' dir='ltr'>Contrarium</span> <span class='ocrx_word' id='word_1_29' title='bbox 1027 647 1096 683; x_wconf 90' lang='lat' dir='ltr'>est</span> 
     </span>
     <span class='ocr_line' id='line_1_7' title="bbox 211 701 1094 760; baseline -0.003 -13"><span class='ocrx_word' id='word_1_30' title='bbox 211 707 438 760; x_wconf 73' lang='grc' dir='ltr'><strong><em>ἂγροικικός</em></strong></span> <span class='ocrx_word' id='word_1_31' title='bbox 466 705 682 758; x_wconf 81' lang='grc' dir='ltr'><strong><em>ὀρχεῖσθαι,</em></strong></span> <span class='ocrx_word' id='word_1_32' title='bbox 714 704 833 758; x_wconf 69' lang='grc' dir='ltr'><strong><em>αἴρειν</em></strong></span> <span class='ocrx_word' id='word_1_33' title='bbox 863 701 1094 755; x_wconf 73' lang='grc' dir='ltr'><strong><em>μασχάλην,</em></strong></span> 
     </span>
     <span class='ocr_line' id='line_1_8' title="bbox 210 765 1095 822; baseline -0.002 -12"><span class='ocrx_word' id='word_1_34' title='bbox 210 769 326 822; x_wconf 85' lang='lat' dir='ltr'>apud</span> <span class='ocrx_word' id='word_1_35' title='bbox 344 769 525 810; x_wconf 88' lang='lat' dir='ltr'>eundem</span> <span class='ocrx_word' id='word_1_36' title='bbox 542 768 824 821; x_wconf 85' lang='lat' dir='ltr'>Hesychium.</span> <span class='ocrx_word' id='word_1_37' title='bbox 869 765 990 811; x_wconf 82' lang='lat' dir='ltr'>Infra</span> <span class='ocrx_word' id='word_1_38' title='bbox 1008 767 1095 808; x_wconf 89' lang='lat' dir='ltr'>Ne-</span> 
     </span>
     <span class='ocr_line' id='line_1_9' title="bbox 211 830 1093 885; baseline 0 -13"><span class='ocrx_word' id='word_1_39' title='bbox 211 843 320 885; x_wconf 82' lang='lat' dir='ltr'>pos:</span> <span class='ocrx_word' id='word_1_40' title='bbox 357 834 371 857; x_wconf 78' lang='lat'><strong><em>⁴</em></strong></span> <span class='ocrx_word' id='word_1_41' title='bbox 393 831 594 873; x_wconf 75' lang='lat' dir='ltr'>Carmina</span> <span class='ocrx_word' id='word_1_42' title='bbox 611 836 789 872; x_wconf 85' lang='lat' dir='ltr'>cantare</span> <span class='ocrx_word' id='word_1_43' title='bbox 821 830 937 873; x_wconf 84' lang='lat' dir='ltr'>tibiis</span> <span class='ocrx_word' id='word_1_44' title='bbox 957 831 1011 872; x_wconf 87' lang='lat' dir='ltr'>ab</span> <span class='ocrx_word' id='word_1_45' title='bbox 1032 831 1093 872; x_wconf 85' lang='lat'>0-</span> 
     </span>
     <span class='ocr_line' id='line_1_10' title="bbox 210 894 1092 948; baseline 0.001 -13"><span class='ocrx_word' id='word_1_46' title='bbox 210 894 495 948; x_wconf 82' lang='lat' dir='ltr'>lympiodoro,</span> <span class='ocrx_word' id='word_1_47' title='bbox 537 895 695 935; x_wconf 84' lang='lat' dir='ltr'>saltare</span> <span class='ocrx_word' id='word_1_48' title='bbox 729 906 755 934; x_wconf 93' lang='lat' dir='ltr'>a</span> <span class='ocrx_word' id='word_1_49' title='bbox 784 894 1092 948; x_wconf 61' lang='lat' dir='ltr'>Calliphrone!</span> 
     </span>
     <span class='ocr_line' id='line_1_11' title="bbox 206 958 1093 1010; baseline -0.001 -10"><span class='ocrx_word' id='word_1_50' title='bbox 206 958 311 1001; x_wconf 81' lang='lat' dir='ltr'>Tria</span> <span class='ocrx_word' id='word_1_51' title='bbox 356 958 578 1010; x_wconf 85' lang='lat' dir='ltr'>praecipue</span> <span class='ocrx_word' id='word_1_52' title='bbox 622 958 896 999; x_wconf 77' lang='lat' dir='ltr'><strong>saltationum</strong></span> <span class='ocrx_word' id='word_1_53' title='bbox 934 970 1093 1010; x_wconf 83' lang='lat' dir='ltr'>genera</span> 
     </span>
    </p>
   </div>
   <div class='ocr_carea' id='block_1_3' title="bbox 208 1019 1104 1074">
    <p class='ocr_par' dir='ltr' id='par_1_3' title="bbox 208 1019 1104 1074">
     <span class='ocr_line' id='line_1_12' title="bbox 208 1019 1104 1074; baseline 0.001 -13"><span class='ocrx_word' id='word_1_54' title='bbox 208 1020 376 1062; x_wconf 85' lang='lat' dir='ltr'>Graecis</span> <span class='ocrx_word' id='word_1_55' title='bbox 401 1020 444 1062; x_wconf 90' lang='lat' dir='ltr'>in</span> <span class='ocrx_word' id='word_1_56' title='bbox 464 1033 542 1061; x_wconf 90' lang='lat' dir='ltr'>usu</span> <span class='ocrx_word' id='word_1_57' title='bbox 562 1019 766 1062; x_wconf 86' lang='lat' dir='ltr'>fuerunt:</span> <span class='ocrx_word' id='word_1_58' title='bbox 809 1033 988 1074; x_wconf 89' lang='lat' dir='ltr'>quorum</span> <span class='ocrx_word' id='word_1_59' title='bbox 1007 1021 1104 1062; x_wconf 75' lang='lat' dir='ltr'>duo&#39;</span> 
     </span>
    </p>
   </div>
   <div class='ocr_carea' id='block_1_4' title="bbox 194 1082 1093 3602">
    <p class='ocr_par' dir='ltr' id='par_1_4' title="bbox 194 1082 1093 3602">
     <span class='ocr_line' id='line_1_13' title="bbox 207 1082 1091 1138; baseline 0 -14"><span class='ocrx_word' id='word_1_60' title='bbox 207 1090 407 1126; x_wconf 79' lang='lat' dir='ltr'>recenset</span> <span class='ocrx_word' id='word_1_61' title='bbox 423 1085 552 1124; x_wconf 87' lang='lat' dir='ltr'>Plato</span> <span class='ocrx_word' id='word_1_62' title='bbox 571 1083 625 1125; x_wconf 89' lang='lat' dir='ltr'>de</span> <span class='ocrx_word' id='word_1_63' title='bbox 644 1084 730 1136; x_wconf 78' lang='lat' dir='ltr'>leg.</span> <span class='ocrx_word' id='word_1_64' title='bbox 757 1082 826 1124; x_wconf 78' lang='grc' dir='ltr'><strong><em>δύο</em></strong></span> <span class='ocrx_word' id='word_1_65' title='bbox 849 1083 898 1132; x_wconf 74' lang='grc' dir='ltr'>δὴ</span> <span class='ocrx_word' id='word_1_66' title='bbox 925 1083 1091 1138; x_wconf 63' lang='grc' dir='ltr'><strong><em>τῶνόρ.</em></strong></span> 
     </span>
     <span class='ocr_line' id='line_1_14' title="bbox 206 1146 1093 1199; baseline 0 -11"><span class='ocrx_word' id='word_1_67' title='bbox 206 1146 366 1199; x_wconf 55' lang='lat' dir='ltr'>xitum</span> <span class='ocrx_word' id='word_1_68' title='bbox 386 1149 466 1188; x_wconf 73' lang='grc' dir='ltr'>τῶν</span> <span class='ocrx_word' id='word_1_69' title='bbox 480 1149 613 1188; x_wconf 75' lang='grc' dir='ltr'><strong><em>καλῶν</em></strong></span> <span class='ocrx_word' id='word_1_70' title='bbox 628 1146 711 1197; x_wconf 69' lang='grc' dir='ltr'><strong><em>εἴδη</em></strong></span> <span class='ocrx_word' id='word_1_71' title='bbox 734 1146 1024 1197; x_wconf 72' lang='grc' dir='ltr'><strong><em>κατεστήσατο·</em></strong></span> <span class='ocrx_word' id='word_1_72' title='bbox 1043 1147 1093 1188; x_wconf 74' lang='grc' dir='ltr'>τὸ</span> 
     </span>
     <span class='ocr_line' id='line_1_15' title="bbox 204 1210 1090 1265; baseline -0.001 -12"><span class='ocrx_word' id='word_1_73' title='bbox 204 1210 280 1262; x_wconf 66' lang='grc' dir='ltr'><strong><em>μὲν</em></strong></span> <span class='ocrx_word' id='word_1_74' title='bbox 293 1210 507 1262; x_wconf 72' lang='grc' dir='ltr'><strong><em>πολεμικὸν</em></strong></span> <span class='ocrx_word' id='word_1_75' title='bbox 525 1211 732 1264; x_wconf 75' lang='grc' dir='ltr'><strong><em>πυῤῥίχην,</em></strong></span> <span class='ocrx_word' id='word_1_76' title='bbox 760 1211 810 1252; x_wconf 81' lang='grc' dir='ltr'>τὸ</span> <span class='ocrx_word' id='word_1_77' title='bbox 833 1211 877 1252; x_wconf 80' lang='grc' dir='ltr'>δὲ</span> <span class='ocrx_word' id='word_1_78' title='bbox 903 1211 1090 1265; x_wconf 71' lang='grc' dir='ltr'><strong><em>εἰρηνικὸν</em></strong></span> 
     </span>
     <span class='ocr_line' id='line_1_16' title="bbox 206 1274 1089 1329; baseline -0.001 -11"><span class='ocrx_word' id='word_1_79' title='bbox 206 1275 417 1327; x_wconf 72' lang='grc' dir='ltr'><strong><em>ἐμμέλειαν</em></strong></span> <span class='ocrx_word' id='word_1_80' title='bbox 443 1274 655 1328; x_wconf 75' lang='grc' dir='ltr'><strong><em>ὠνόμασεν,</em></strong></span> <span class='ocrx_word' id='word_1_81' title='bbox 672 1288 802 1329; x_wconf 88' lang='lat' dir='ltr'>quum</span> <span class='ocrx_word' id='word_1_82' title='bbox 831 1276 986 1318; x_wconf 88' lang='lat' dir='ltr'>armati</span> <span class='ocrx_word' id='word_1_83' title='bbox 1011 1277 1089 1317; x_wconf 89' lang='lat' dir='ltr'>mi-</span> 
     </span>
     <span class='ocr_line' id='line_1_17' title="bbox 204 1338 1088 1393; baseline 0 -13"><span class='ocrx_word' id='word_1_84' title='bbox 204 1340 302 1385; x_wconf 85' lang='lat' dir='ltr'>lites</span> <span class='ocrx_word' id='word_1_85' title='bbox 319 1339 415 1393; x_wconf 73' lang='grc' dir='ltr'><strong><em>πρὸς</em></strong></span> <span class='ocrx_word' id='word_1_86' title='bbox 431 1339 480 1380; x_wconf 75' lang='grc' dir='ltr'>τὸ</span> <span class='ocrx_word' id='word_1_87' title='bbox 496 1339 725 1393; x_wconf 81' lang='grc' dir='ltr'><strong><em>καστόρειον</em></strong></span> <span class='ocrx_word' id='word_1_88' title='bbox 740 1338 877 1391; x_wconf 77' lang='grc' dir='ltr'><strong><em>μέλος,</em></strong></span> <span class='ocrx_word' id='word_1_89' title='bbox 893 1339 1014 1393; x_wconf 68' lang='grc' dir='ltr'><strong><em>(ῃιιοᾱ,</em></strong></span> <span class='ocrx_word' id='word_1_90' title='bbox 1032 1339 1088 1380; x_wconf 92' lang='lat' dir='ltr'>ob</span> 
     </span>
     <span class='ocr_line' id='line_1_18' title="bbox 203 1402 1089 1457; baseline -0.001 -13"><span class='ocrx_word' id='word_1_91' title='bbox 203 1403 249 1444; x_wconf 87' lang='lat' dir='ltr'>id</span> <span class='ocrx_word' id='word_1_92' title='bbox 293 1402 609 1457; x_wconf 73' lang='grc' dir='ltr'><strong><em>ὑπορχηματικὸν</em></strong></span> <span class='ocrx_word' id='word_1_93' title='bbox 650 1403 875 1454; x_wconf 80' lang='lat' dir='ltr'>vocabant,</span> <span class='ocrx_word' id='word_1_94' title='bbox 921 1403 1089 1444; x_wconf 86' lang='lat' dir='ltr'>lascivis</span> 
     </span>
     <span class='ocr_line' id='line_1_19' title="bbox 204 1465 1088 1519; baseline 0.001 -13"><span class='ocrx_word' id='word_1_95' title='bbox 204 1466 486 1519; x_wconf 81' lang='lat' dir='ltr'>vertiginibus</span> <span class='ocrx_word' id='word_1_96' title='bbox 506 1479 557 1507; x_wconf 86' lang='lat' dir='ltr'>ae</span> <span class='ocrx_word' id='word_1_97' title='bbox 577 1465 692 1518; x_wconf 77' lang='lat' dir='ltr'>gyris</span> <span class='ocrx_word' id='word_1_98' title='bbox 710 1466 910 1518; x_wconf 86' lang='lat' dir='ltr'>impliciti</span> <span class='ocrx_word' id='word_1_99' title='bbox 938 1472 986 1508; x_wconf 91' lang='lat' dir='ltr'>et</span> <span class='ocrx_word' id='word_1_100' title='bbox 1017 1479 1088 1507; x_wconf 85' lang='lat' dir='ltr'>ex-</span> 
     </span>
     <span class='ocr_line' id='line_1_20' title="bbox 204 1528 1086 1582; baseline 0.002 -13"><span class='ocrx_word' id='word_1_101' title='bbox 204 1529 358 1582; x_wconf 67' lang='lat' dir='ltr'>pliciti,</span> <span class='ocrx_word' id='word_1_102' title='bbox 390 1528 623 1570; x_wconf 78' lang='lat' dir='ltr'><strong>saltabant.</strong></span> <span class='ocrx_word' id='word_1_103' title='bbox 698 1528 827 1581; x_wconf 84' lang='lat' dir='ltr'>Cujus</span> <span class='ocrx_word' id='word_1_104' title='bbox 864 1528 985 1582; x_wconf 85' lang='lat' dir='ltr'>origo</span> <span class='ocrx_word' id='word_1_105' title='bbox 1031 1530 1086 1571; x_wconf 84' lang='lat' dir='ltr'>ab</span> 
     </span>
     <span class='ocr_line' id='line_1_21' title="bbox 204 1590 1086 1646; baseline -0.001 -13"><span class='ocrx_word' id='word_1_106' title='bbox 204 1592 466 1646; x_wconf 82' lang='lat' dir='ltr'>Epicharmo</span> <span class='ocrx_word' id='word_1_107' title='bbox 507 1590 698 1633; x_wconf 85' lang='lat' dir='ltr'>refertur</span> <span class='ocrx_word' id='word_1_108' title='bbox 735 1591 791 1632; x_wconf 85' lang='lat' dir='ltr'>ad</span> <span class='ocrx_word' id='word_1_109' title='bbox 827 1593 1086 1633; x_wconf 84' lang='lat' dir='ltr'>Minervam.</span> 
     </span>
     <span class='ocr_line' id='line_1_22' title="bbox 202 1655 1086 1697; baseline 0 -1"><span class='ocrx_word' id='word_1_110' title='bbox 202 1655 335 1697; x_wconf 80' lang='lat' dir='ltr'>Hunc</span> <span class='ocrx_word' id='word_1_111' title='bbox 363 1667 526 1696; x_wconf 87' lang='lat' dir='ltr'>morem</span> <span class='ocrx_word' id='word_1_112' title='bbox 562 1655 756 1695; x_wconf 80' lang='lat' dir='ltr'>Lacones</span> <span class='ocrx_word' id='word_1_113' title='bbox 797 1655 940 1695; x_wconf 78' lang='lat' dir='ltr'>secuti</span> <span class='ocrx_word' id='word_1_114' title='bbox 971 1660 1086 1696; x_wconf 81' lang='lat' dir='ltr'>sunt.</span> 
     </span>
     <span class='ocr_line' id='line_1_23' title="bbox 200 1718 1086 1772; baseline 0 -12"><span class='ocrx_word' id='word_1_115' title='bbox 200 1719 393 1760; x_wconf 83' lang='lat' dir='ltr'>Tradunt</span> <span class='ocrx_word' id='word_1_116' title='bbox 429 1719 518 1770; x_wconf 89' lang='lat' dir='ltr'>alii,</span> <span class='ocrx_word' id='word_1_117' title='bbox 553 1718 767 1759; x_wconf 83' lang='lat' dir='ltr'>Achillem</span> <span class='ocrx_word' id='word_1_118' title='bbox 808 1719 992 1772; x_wconf 87' lang='lat' dir='ltr'>primum</span> <span class='ocrx_word' id='word_1_119' title='bbox 1032 1731 1086 1760; x_wconf 91' lang='lat' dir='ltr'>eo</span> 
     </span>
     <span class='ocr_line' id='line_1_24' title="bbox 203 1781 1086 1825; baseline -0.001 -2"><span class='ocrx_word' id='word_1_120' title='bbox 203 1794 326 1825; x_wconf 84' lang='lat' dir='ltr'>usum</span> <span class='ocrx_word' id='word_1_121' title='bbox 356 1783 398 1824; x_wconf 90' lang='lat' dir='ltr'>in</span> <span class='ocrx_word' id='word_1_122' title='bbox 429 1781 582 1824; x_wconf 83' lang='lat' dir='ltr'>funere</span> <span class='ocrx_word' id='word_1_123' title='bbox 615 1781 826 1822; x_wconf 74' lang='lat' dir='ltr'>Patrocli.</span> <span class='ocrx_word' id='word_1_124' title='bbox 881 1783 954 1823; x_wconf 90' lang='lat' dir='ltr'>De</span> <span class='ocrx_word' id='word_1_125' title='bbox 974 1782 1086 1823; x_wconf 83' lang='lat' dir='ltr'>Her-</span> 
     </span>
     <span class='ocr_line' id='line_1_25' title="bbox 201 1845 1086 1894; baseline -0.001 -7"><span class='ocrx_word' id='word_1_126' title='bbox 201 1847 299 1887; x_wconf 89' lang='lat' dir='ltr'>cule</span> <span class='ocrx_word' id='word_1_127' title='bbox 330 1851 485 1887; x_wconf 85' lang='lat' dir='ltr'>auctor</span> <span class='ocrx_word' id='word_1_128' title='bbox 523 1845 786 1889; x_wconf 77' lang='lat' dir='ltr'>Plutarchus</span> <span class='ocrx_word' id='word_1_129' title='bbox 812 1845 855 1885; x_wconf 91' lang='lat' dir='ltr'>in</span> <span class='ocrx_word' id='word_1_130' title='bbox 889 1845 1086 1894; x_wconf 85' lang='lat' dir='ltr'>Musicis.</span> 
     </span>
     <span class='ocr_line' id='line_1_26' title="bbox 201 1906 1088 1961; baseline -0.002 -11"><span class='ocrx_word' id='word_1_131' title='bbox 201 1909 389 1951; x_wconf 82' lang='lat' dir='ltr'>Quidam</span> <span class='ocrx_word' id='word_1_132' title='bbox 407 1908 462 1949; x_wconf 91' lang='lat' dir='ltr'>ad</span> <span class='ocrx_word' id='word_1_133' title='bbox 482 1907 695 1961; x_wconf 79' lang='lat' dir='ltr'>Pyrrhum</span> <span class='ocrx_word' id='word_1_134' title='bbox 715 1906 925 1958; x_wconf 85' lang='lat' dir='ltr'>referunt,</span> <span class='ocrx_word' id='word_1_135' title='bbox 940 1907 1088 1950; x_wconf 87' lang='lat' dir='ltr'>Achil-</span> 
     </span>
     <span class='ocr_line' id='line_1_27' title="bbox 197 1970 1086 2023; baseline 0 -11"><span class='ocrx_word' id='word_1_136' title='bbox 197 1972 252 2014; x_wconf 87' lang='lat' dir='ltr'>lis</span> <span class='ocrx_word' id='word_1_137' title='bbox 279 1971 426 2014; x_wconf 83' lang='lat' dir='ltr'>filium.</span> <span class='ocrx_word' id='word_1_138' title='bbox 481 1971 609 2013; x_wconf 82' lang='lat' dir='ltr'>Unde</span> <span class='ocrx_word' id='word_1_139' title='bbox 637 1970 808 2023; x_wconf 72' lang='grc' dir='ltr'><strong><em>πνῤῥίχη</em></strong></span> <span class='ocrx_word' id='word_1_140' title='bbox 837 1984 991 2012; x_wconf 89' lang='lat' dir='ltr'>nomen</span> <span class='ocrx_word' id='word_1_141' title='bbox 1021 1972 1086 2012; x_wconf 86' lang='lat' dir='ltr'>in·</span> 
     </span>
     <span class='ocr_line' id='line_1_28' title="bbox 201 2034 1087 2090; baseline -0.002 -13"><span class='ocrx_word' id='word_1_142' title='bbox 201 2036 353 2078; x_wconf 61' lang='lat' dir='ltr'>venit-1</span> <span class='ocrx_word' id='word_1_143' title='bbox 397 2037 507 2077; x_wconf 86' lang='lat' dir='ltr'>Sunt</span> <span class='ocrx_word' id='word_1_144' title='bbox 532 2035 790 2090; x_wconf 53' lang='lat' dir='ltr'>qui-ajpym</span> <span class='ocrx_word' id='word_1_145' title='bbox 821 2034 982 2076; x_wconf 87' lang='lat' dir='ltr'>dictam</span> <span class='ocrx_word' id='word_1_146' title='bbox 1013 2046 1087 2075; x_wconf 88' lang='lat' dir='ltr'>vo-</span> 
     </span>
     <span class='ocr_line' id='line_1_29' title="bbox 199 2096 1088 2151; baseline 0 -13"><span class='ocrx_word' id='word_1_147' title='bbox 199 2098 308 2150; x_wconf 83' lang='lat' dir='ltr'>lunt,</span> <span class='ocrx_word' id='word_1_148' title='bbox 336 2097 450 2151; x_wconf 84' lang='lat' dir='ltr'>qnod</span> <span class='ocrx_word' id='word_1_149' title='bbox 466 2097 539 2138; x_wconf 56' lang='lat' dir='ltr'>&gt;sd</span> <span class='ocrx_word' id='word_1_150' title='bbox 565 2109 716 2150; x_wconf 78' lang='lat' dir='ltr'>rogum</span> <span class='ocrx_word' id='word_1_151' title='bbox 740 2096 882 2137; x_wconf 83' lang='lat' dir='ltr'>fieret.</span> <span class='ocrx_word' id='word_1_152' title='bbox 931 2097 1010 2138; x_wconf 66' lang='lat' dir='ltr'>⁴Ut</span> <span class='ocrx_word' id='word_1_153' title='bbox 1038 2102 1088 2138; x_wconf 89' lang='lat' dir='ltr'>ut</span> 
     </span>
     <span class='ocr_line' id='line_1_30' title="bbox 198 2157 1087 2214; baseline 0.001 -14"><span class='ocrx_word' id='word_1_154' title='bbox 198 2162 271 2214; x_wconf 82' lang='lat' dir='ltr'>sit,</span> <span class='ocrx_word' id='word_1_155' title='bbox 288 2162 465 2202; x_wconf 75' lang='lat' dir='ltr'>saltatio.</span> <span class='ocrx_word' id='word_1_156' title='bbox 479 2159 579 2212; x_wconf 81' lang='lat' dir='ltr'>fuit,</span> <span class='ocrx_word' id='word_1_157' title='bbox 592 2165 668 2202; x_wconf 78' lang='lat' dir='ltr'>aut</span> <span class='ocrx_word' id='word_1_158' title='bbox 679 2159 891 2211; x_wconf 71' lang='grc' dir='ltr'><strong><em>πολεμικὸς</em></strong></span> <span class='ocrx_word' id='word_1_159' title='bbox 909 2157 1087 2214; x_wconf 71' lang='grc' dir='ltr'><strong><em>ὄρχησις,</em></strong></span> 
     </span>
     <span class='ocr_line' id='line_1_31' title="bbox 197 2223 1088 2277; baseline 0.001 -13"><span class='ocrx_word' id='word_1_160' title='bbox 197 2236 359 2277; x_wconf 71' lang='grc' dir='ltr'><strong><em>ειιψιο</em></strong></span> <span class='ocrx_word' id='word_1_161' title='bbox 378 2223 543 2264; x_wconf 78' lang='lat' dir='ltr'>bellicae</span> <span class='ocrx_word' id='word_1_162' title='bbox 575 2224 638 2264; x_wconf 89' lang='lat' dir='ltr'>rei</span> <span class='ocrx_word' id='word_1_163' title='bbox 672 2235 772 2265; x_wconf 87' lang='lat' dir='ltr'>usus</span> <span class='ocrx_word' id='word_1_164' title='bbox 791 2224 932 2266; x_wconf 87' lang='lat' dir='ltr'>datus.</span> <span class='ocrx_word' id='word_1_165' title='bbox 985 2225 1088 2265; x_wconf 86' lang='lat' dir='ltr'>Ter·</span> 
     </span>
     <span class='ocr_line' id='line_1_32' title="bbox 200 2286 1086 2342; baseline 0.002 -14"><span class='ocrx_word' id='word_1_166' title='bbox 200 2288 306 2328; x_wconf 82' lang='lat' dir='ltr'>tium</span> <span class='ocrx_word' id='word_1_167' title='bbox 327 2299 462 2340; x_wconf 79' lang='lat' dir='ltr'>genus</span> <span class='ocrx_word' id='word_1_168' title='bbox 483 2287 705 2342; x_wconf 81' lang='lat' dir='ltr'>Hesychia</span> <span class='ocrx_word' id='word_1_169' title='bbox 737 2293 807 2329; x_wconf 85' lang='lat' dir='ltr'>est</span> <span class='ocrx_word' id='word_1_170' title='bbox 838 2286 1020 2338; x_wconf 64' lang='grc' dir='ltr'><strong><em>ἄσεμνον,</em></strong></span> <span class='ocrx_word' id='word_1_171' title='bbox 1039 2294 1086 2330; x_wconf 88' lang='lat' dir='ltr'>et</span> 
     </span>
     <span class='ocr_line' id='line_1_33' title="bbox 199 2349 1087 2405; baseline 0.002 -13"><span class='ocrx_word' id='word_1_172' title='bbox 199 2350 412 2392; x_wconf 82' lang='lat' dir='ltr'>Athenaeo</span> <span class='ocrx_word' id='word_1_173' title='bbox 440 2350 640 2404; x_wconf 67' lang='grc' dir='ltr'><strong><em>φορτικὸν,</em></strong></span> <span class='ocrx_word' id='word_1_174' title='bbox 670 2350 732 2392; x_wconf 79' lang='grc' dir='ltr'><strong><em>ὅτι</em></strong></span> <span class='ocrx_word' id='word_1_175' title='bbox 763 2349 890 2403; x_wconf 75' lang='grc' dir='ltr'><strong><em>ὀσφῦν</em></strong></span> <span class='ocrx_word' id='word_1_176' title='bbox 916 2351 1087 2405; x_wconf 75' lang='grc' dir='ltr'><strong><em>αῖσχρῶς</em></strong></span> 
     </span>
     <span class='ocr_line' id='line_1_34' title="bbox 200 2414 1084 2467; baseline 0.003 -13"><span class='ocrx_word' id='word_1_177' title='bbox 200 2414 365 2455; x_wconf 72' lang='grc' dir='ltr'><strong><em>ἐκίνουν.</em></strong></span> <span class='ocrx_word' id='word_1_178' title='bbox 432 2414 637 2455; x_wconf 79' lang='lat' dir='ltr'>Meminit</span> <span class='ocrx_word' id='word_1_179' title='bbox 668 2415 764 2467; x_wconf 85' lang='lat' dir='ltr'>ejus</span> <span class='ocrx_word' id='word_1_180' title='bbox 791 2414 1025 2457; x_wconf 78' lang='lat' dir='ltr'>Athenaeus</span> <span class='ocrx_word' id='word_1_181' title='bbox 1055 2417 1084 2458; x_wconf 92' lang='lat' dir='ltr'>l.</span> 
     </span>
     <span class='ocr_line' id='line_1_35' title="bbox 198 2476 1084 2532; baseline 0 -13"><span class='ocrx_word' id='word_1_182' title='bbox 198 2490 296 2520; x_wconf 78' lang='lat' dir='ltr'>xiv.</span> <span class='ocrx_word' id='word_1_183' title='bbox 327 2478 354 2528; x_wconf 81' lang='grc' dir='ltr'>ἡ</span> <span class='ocrx_word' id='word_1_184' title='bbox 367 2476 416 2520; x_wconf 76' lang='grc' dir='ltr'>,δὲ</span> <span class='ocrx_word' id='word_1_185' title='bbox 433 2477 716 2529; x_wconf 53' lang='lat' dir='ltr'>wutron-actu&amp;</span> <span class='ocrx_word' id='word_1_186' title='bbox 732 2477 979 2532; x_wconf 70' lang='grc' dir='ltr'><strong><em>παρεμφερής</em></strong></span> <span class='ocrx_word' id='word_1_187' title='bbox 997 2479 1084 2519; x_wconf 73' lang='grc' dir='ltr'><strong><em>ἐστι</em></strong></span> 
     </span>
     <span class='ocr_line' id='line_1_36' title="bbox 195 2539 1084 2595; baseline 0.001 -14"><span class='ocrx_word' id='word_1_188' title='bbox 195 2543 248 2595; x_wconf 78' lang='grc' dir='ltr'>τῇ</span> <span class='ocrx_word' id='word_1_189' title='bbox 289 2543 460 2595; x_wconf 73' lang='grc' dir='ltr'><strong><em>τραγικῇ</em></strong></span> <span class='ocrx_word' id='word_1_190' title='bbox 508 2540 689 2594; x_wconf 75' lang='grc' dir='ltr'><strong><em>ὀρχήσει,</em></strong></span> <span class='ocrx_word' id='word_1_191' title='bbox 746 2540 834 2589; x_wconf 69' lang='grc' dir='ltr'><strong><em>ἣτις</em></strong></span> <span class='ocrx_word' id='word_1_192' title='bbox 886 2539 1084 2591; x_wconf 69' lang='grc' dir='ltr'><strong><em>ἐμμέλεια.</em></strong></span> 
     </span>
     <span class='ocr_line' id='line_1_37' title="bbox 196 2603 1082 2657; baseline 0.002 -12"><span class='ocrx_word' id='word_1_193' title='bbox 196 2605 308 2646; x_wconf 84' lang='lat' dir='ltr'>Vide</span> <span class='ocrx_word' id='word_1_194' title='bbox 327 2606 589 2646; x_wconf 78' lang='lat' dir='ltr'>Lucianum:</span> <span class='ocrx_word' id='word_1_195' title='bbox 628 2604 718 2657; x_wconf 69' lang='grc' dir='ltr'><strong><em>περὶ</em></strong></span> <span class='ocrx_word' id='word_1_196' title='bbox 746 2603 962 2657; x_wconf 66' lang='grc' dir='ltr'><strong><em>ὀρχήσεως,</em></strong></span> <span class='ocrx_word' id='word_1_197' title='bbox 990 2605 1082 2648; x_wconf 87' lang='lat' dir='ltr'>Jul.</span> 
     </span>
     <span class='ocr_line' id='line_1_38' title="bbox 198 2668 1084 2722; baseline 0 -12"><span class='ocrx_word' id='word_1_198' title='bbox 198 2669 436 2722; x_wconf 78' lang='lat' dir='ltr'>Pollucem,</span> <span class='ocrx_word' id='word_1_199' title='bbox 461 2669 636 2711; x_wconf 86' lang='lat' dir='ltr'>Platon.</span> <span class='ocrx_word' id='word_1_200' title='bbox 666 2668 723 2709; x_wconf 89' lang='lat' dir='ltr'>de</span> <span class='ocrx_word' id='word_1_201' title='bbox 756 2668 920 2722; x_wconf 83' lang='lat' dir='ltr'>legibus</span> <span class='ocrx_word' id='word_1_202' title='bbox 950 2668 980 2710; x_wconf 91' lang='lat' dir='ltr'>l.</span> <span class='ocrx_word' id='word_1_203' title='bbox 999 2680 1084 2710; x_wconf 82' lang='lat' dir='ltr'>vn.</span> 
     </span>
     <span class='ocr_line' id='line_1_39' title="bbox 197 2732 1084 2784; baseline -0.001 -11"><span class='ocrx_word' id='word_1_204' title='bbox 197 2735 335 2773; x_wconf 60' lang='lat' dir='ltr'>ac‘ex</span> <span class='ocrx_word' id='word_1_205' title='bbox 367 2732 626 2784; x_wconf 78' lang='lat' dir='ltr'>nuperrimis</span> <span class='ocrx_word' id='word_1_206' title='bbox 652 2743 854 2783; x_wconf 78' lang='lat' dir='ltr'>magnum</span> <span class='ocrx_word' id='word_1_207' title='bbox 874 2732 1084 2784; x_wconf 78' lang='lat' dir='ltr'>imprimis</span> 
     </span>
     <span class='ocr_line' id='line_1_40' title="bbox 194 2794 1083 2848; baseline -0.001 -11"><span class='ocrx_word' id='word_1_208' title='bbox 194 2796 444 2837; x_wconf 85' lang='lat' dir='ltr'>Salmasium</span> <span class='ocrx_word' id='word_1_209' title='bbox 483 2796 528 2836; x_wconf 91' lang='lat' dir='ltr'>in</span> <span class='ocrx_word' id='word_1_210' title='bbox 557 2794 772 2848; x_wconf 84' lang='lat' dir='ltr'>stupendo</span> <span class='ocrx_word' id='word_1_211' title='bbox 804 2795 1083 2836; x_wconf 82' lang='lat' dir='ltr'>exercitatio·</span> 
     </span>
     <span class='ocr_line' id='line_1_41' title="bbox 195 2858 1081 2911; baseline -0.003 -10"><span class='ocrx_word' id='word_1_212' title='bbox 195 2871 295 2901; x_wconf 87' lang='lat' dir='ltr'>num</span> <span class='ocrx_word' id='word_1_213' title='bbox 333 2858 633 2900; x_wconf 87' lang='lat' dir='ltr'>Plinianarum</span> <span class='ocrx_word' id='word_1_214' title='bbox 669 2869 817 2911; x_wconf 88' lang='lat' dir='ltr'>opere.</span> <span class='ocrx_word' id='word_1_215' title='bbox 877 2859 1081 2901; x_wconf 73' lang='lat' dir='ltr'>Kenchen.</span> 
     </span>
     <span class='ocr_line' id='line_1_42' title="bbox 195 2916 1081 2973; baseline 0.001 -11"><span class='ocrx_word' id='word_1_216' title='bbox 195 2916 392 2973; x_wconf 63' lang='lat' dir='ltr'>Satisne]</span> <span class='ocrx_word' id='word_1_217' title='bbox 447 2921 629 2962; x_wconf 85' lang='lat' dir='ltr'>Romani</span> <span class='ocrx_word' id='word_1_218' title='bbox 662 2921 778 2962; x_wconf 87' lang='lat' dir='ltr'>enim</span> <span class='ocrx_word' id='word_1_219' title='bbox 809 2921 1081 2963; x_wconf 75' lang='lat' dir='ltr'>saltationem</span> 
     </span>
     <span class='ocr_line' id='line_1_43' title="bbox 194 2983 1082 3036; baseline 0.001 -11"><span class='ocrx_word' id='word_1_220' title='bbox 194 2983 318 3025; x_wconf 79' lang='lat' dir='ltr'>haud-</span> <span class='ocrx_word' id='word_1_221' title='bbox 328 2983 536 3036; x_wconf 80' lang='lat' dir='ltr'>probasse</span> <span class='ocrx_word' id='word_1_222' title='bbox 560 2983 783 3025; x_wconf 84' lang='lat' dir='ltr'>videntur.</span> <span class='ocrx_word' id='word_1_223' title='bbox 850 2983 969 3025; x_wconf 84' lang='lat' dir='ltr'>Hinc</span> <span class='ocrx_word' id='word_1_224' title='bbox 990 2984 1082 3026; x_wconf 87' lang='lat' dir='ltr'>Cic.</span> 
     </span>
     <span class='ocr_line' id='line_1_44' title="bbox 195 3045 1080 3098; baseline 0.001 -12"><span class='ocrx_word' id='word_1_225' title='bbox 195 3058 278 3098; x_wconf 89' lang='lat' dir='ltr'>pro</span> <span class='ocrx_word' id='word_1_226' title='bbox 305 3046 402 3087; x_wconf 74' lang='lat' dir='ltr'>Mil.</span> <span class='ocrx_word' id='word_1_227' title='bbox 430 3045 600 3087; x_wconf 86' lang='lat' dir='ltr'>‘Nemo</span> <span class='ocrx_word' id='word_1_228' title='bbox 631 3047 764 3087; x_wconf 86' lang='lat' dir='ltr'>saltat</span> <span class='ocrx_word' id='word_1_229' title='bbox 790 3046 973 3098; x_wconf 88' lang='lat' dir='ltr'>sobrius,</span> <span class='ocrx_word' id='word_1_230' title='bbox 998 3047 1080 3087; x_wconf 90' lang='lat' dir='ltr'>nisi</span> 
     </span>
     <span class='ocr_line' id='line_1_45' title="bbox 194 3108 1080 3162; baseline 0.002 -13"><span class='ocrx_word' id='word_1_231' title='bbox 194 3108 306 3151; x_wconf 82' lang='lat' dir='ltr'>forte</span> <span class='ocrx_word' id='word_1_232' title='bbox 324 3108 513 3151; x_wconf 82' lang='lat' dir='ltr'>insanit.&#39;</span> <span class='ocrx_word' id='word_1_233' title='bbox 567 3110 640 3150; x_wconf 89' lang='lat' dir='ltr'>De</span> <span class='ocrx_word' id='word_1_234' title='bbox 654 3110 906 3162; x_wconf 81' lang='lat' dir='ltr'>Sempronia</span> <span class='ocrx_word' id='word_1_235' title='bbox 918 3110 1080 3151; x_wconf 77' lang='lat' dir='ltr'>Salust-</span> 
     </span>
     <span class='ocr_line' id='line_1_46' title="bbox 195 3170 1081 3223; baseline 0.001 -12"><span class='ocrx_word' id='word_1_236' title='bbox 195 3171 250 3212; x_wconf 88' lang='grc' dir='ltr'>Β.</span> <span class='ocrx_word' id='word_1_237' title='bbox 267 3170 317 3212; x_wconf 88' lang='lat' dir='ltr'>C.</span> <span class='ocrx_word' id='word_1_238' title='bbox 347 3172 360 3194; x_wconf 89' lang='lat'>‘</span> <span class='ocrx_word' id='word_1_239' title='bbox 382 3182 476 3213; x_wconf 82' lang='lat' dir='ltr'>eam</span> <span class='ocrx_word' id='word_1_240' title='bbox 506 3170 676 3221; x_wconf 87' lang='lat' dir='ltr'>literis‚&#39;</span> <span class='ocrx_word' id='word_1_241' title='bbox 702 3171 777 3223; x_wconf 88' lang='lat' dir='ltr'>ait,</span> <span class='ocrx_word' id='word_1_242' title='bbox 800 3172 813 3194; x_wconf 90' lang='lat'>‘</span> <span class='ocrx_word' id='word_1_243' title='bbox 831 3171 1000 3212; x_wconf 77' lang='lat' dir='ltr'>Graecis</span> <span class='ocrx_word' id='word_1_244' title='bbox 1034 3176 1081 3213; x_wconf 88' lang='lat' dir='ltr'>et</span> 
     </span>
     <span class='ocr_line' id='line_1_47' title="bbox 196 3232 1082 3286; baseline 0 -13"><span class='ocrx_word' id='word_1_245' title='bbox 196 3233 358 3278; x_wconf 80' lang='lat' dir='ltr'>Latinis</span> <span class='ocrx_word' id='word_1_246' title='bbox 377 3232 580 3283; x_wconf 78' lang='lat' dir='ltr'>doctam3</span> <span class='ocrx_word' id='word_1_247' title='bbox 613 3233 794 3274; x_wconf 74' lang='lat' dir='ltr'>saltasse</span> <span class='ocrx_word' id='word_1_248' title='bbox 824 3233 1082 3286; x_wconf 76' lang='lat' dir='ltr'>elegantius,</span> 
     </span>
     <span class='ocr_line' id='line_1_48' title="bbox 195 3293 1080 3350; baseline -0.002 -12"><span class='ocrx_word' id='word_1_249' title='bbox 195 3309 324 3350; x_wconf 84' lang='lat' dir='ltr'>quam</span> <span class='ocrx_word' id='word_1_250' title='bbox 342 3307 517 3337; x_wconf 90' lang='lat' dir='ltr'>necesse</span> <span class='ocrx_word' id='word_1_251' title='bbox 534 3293 684 3336; x_wconf 83' lang='lat' dir='ltr'>fuisset</span> <span class='ocrx_word' id='word_1_252' title='bbox 703 3296 852 3347; x_wconf 81' lang='lat' dir='ltr'>probae</span> <span class='ocrx_word' id='word_1_253' title='bbox 868 3294 897 3336; x_wconf 71' lang='grc' dir='ltr'><strong><em>ι’</em></strong></span> <span class='ocrx_word' id='word_1_254' title='bbox 926 3300 972 3336; x_wconf 89' lang='lat' dir='ltr'>et</span> <span class='ocrx_word' id='word_1_255' title='bbox 989 3295 1080 3337; x_wconf 86' lang='lat' dir='ltr'>Ho-</span> 
     </span>
     <span class='ocr_line' id='line_1_49' title="bbox 194 3357 1080 3406; baseline 0.002 -10"><span class='ocrx_word' id='word_1_256' title='bbox 194 3366 279 3406; x_wconf 82' lang='lat' dir='ltr'>rat.</span> <span class='ocrx_word' id='word_1_257' title='bbox 314 3357 403 3400; x_wconf 83' lang='lat' dir='ltr'>od.</span> <span class='ocrx_word' id='word_1_258' title='bbox 437 3369 512 3399; x_wconf 85' lang='grc' dir='ltr'><strong><em>ιιι.</em></strong></span> <span class='ocrx_word' id='word_1_259' title='bbox 532 3361 575 3398; x_wconf 84' lang='grc'>6.</span> <span class='ocrx_word' id='word_1_260' title='bbox 604 3357 648 3397; x_wconf 90' lang='lat' dir='ltr'>in</span> <span class='ocrx_word' id='word_1_261' title='bbox 678 3357 890 3398; x_wconf 87' lang='lat' dir='ltr'>luxuriam</span> <span class='ocrx_word' id='word_1_262' title='bbox 925 3357 1080 3399; x_wconf 87' lang='lat' dir='ltr'>Roma·</span> 
     </span>
     <span class='ocr_line' id='line_1_50' title="bbox 195 3419 1080 3473; baseline -0.001 -12"><span class='ocrx_word' id='word_1_263' title='bbox 195 3433 345 3462; x_wconf 85' lang='lat' dir='ltr'>norum</span> <span class='ocrx_word' id='word_1_264' title='bbox 358 3422 569 3470; x_wconf 85' lang='lat' dir='ltr'>invectus,</span> <span class='ocrx_word' id='word_1_265' title='bbox 580 3421 592 3442; x_wconf 90' lang='lat'>‘</span> <span class='ocrx_word' id='word_1_266' title='bbox 610 3419 786 3469; x_wconf 72' lang='lat' dir='ltr'>Motus:</span> <span class='ocrx_word' id='word_1_267' title='bbox 805 3420 962 3473; x_wconf 87' lang='lat' dir='ltr'>inquit,</span> <span class='ocrx_word' id='word_1_268' title='bbox 977 3420 990 3441; x_wconf 92' lang='lat'>‘</span> <span class='ocrx_word' id='word_1_269' title='bbox 1007 3419 1080 3460; x_wconf 56' lang='lat' dir='ltr'>do,</span> 
     </span>
     <span class='ocr_line' id='line_1_51' title="bbox 201 3481 1077 3536; baseline -0.001 -13"><span class='ocrx_word' id='word_1_270' title='bbox 201 3484 288 3524; x_wconf 86' lang='lat' dir='ltr'>ceri</span> <span class='ocrx_word' id='word_1_271' title='bbox 327 3484 488 3535; x_wconf 80' lang='lat' dir='ltr'>gaudet</span> <span class='ocrx_word' id='word_1_272' title='bbox 522 3484 692 3524; x_wconf 76' lang='lat' dir='ltr'>Ionicos</span> <span class='ocrx_word' id='word_1_273' title='bbox 722 3484 895 3526; x_wconf 79' lang='lat' dir='ltr'>Matura</span> <span class='ocrx_word' id='word_1_274' title='bbox 929 3481 1077 3536; x_wconf 52' lang='lat' dir='ltr'>virgo?</span> 
     </span>
     <span class='ocr_line' id='line_1_52' title="bbox 305 3550 752 3602; baseline 0 -12"><span class='ocrx_word' id='word_1_275' title='bbox 305 3550 447 3602; x_wconf 70' lang='lat' dir='ltr'>Delple.</span> <span class='ocrx_word' id='word_1_276' title='bbox 468 3556 504 3590; x_wconf 79' lang='lat' dir='ltr'>et</span> <span class='ocrx_word' id='word_1_277' title='bbox 531 3550 621 3590; x_wconf 67' lang='grc' dir='ltr'><strong><em>γαν.</em></strong></span> <span class='ocrx_word' id='word_1_278' title='bbox 646 3551 752 3591; x_wconf 77' lang='lat' dir='ltr'>Clas.</span> 
     </span>
    </p>
   </div>
   <div class='ocr_carea' id='block_1_5' title="bbox 1078 3550 1180 3600">
    <p class='ocr_par' dir='ltr' id='par_1_5' title="bbox 1078 3550 1180 3600">
     <span class='ocr_line' id='line_1_53' title="bbox 1078 3550 1180 3600; baseline 0.01 -11"><span class='ocrx_word' id='word_1_279' title='bbox 1078 3550 1180 3600; x_wconf 77' lang='lat' dir='ltr'>Nep.</span> 
     </span>
    </p>
   </div>
   <div class='ocr_carea' id='block_1_6' title="bbox 1933 256 2038 310">
    <p class='ocr_par' dir='ltr' id='par_1_6' title="bbox 1933 256 2038 310">
     <span class='ocr_line' id='line_1_54' title="bbox 1933 256 2038 310; baseline 0 -1"><span class='ocrx_word' id='word_1_280' title='bbox 1933 256 2038 310; x_wconf 78' lang='lat'>401</span> 
     </span>
    </p>
   </div>
   <div class='ocr_carea' id='block_1_7' title="bbox 1138 383 2041 3533">
    <p class='ocr_par' dir='ltr' id='par_1_7' title="bbox 1156 383 2041 883">
     <span class='ocr_line' id='line_1_55' title="bbox 1161 383 2040 440; baseline -0.003 -11"><span class='ocrx_word' id='word_1_281' title='bbox 1161 388 1346 429; x_wconf 78' lang='lat' dir='ltr'>Hildebr.</span> <span class='ocrx_word' id='word_1_282' title='bbox 1402 388 1550 440; x_wconf 82' lang='lat' dir='ltr'>Nepos</span> <span class='ocrx_word' id='word_1_283' title='bbox 1567 386 1611 428; x_wconf 91' lang='lat' dir='ltr'>in</span> <span class='ocrx_word' id='word_1_284' title='bbox 1632 385 1825 440; x_wconf 79' lang='lat' dir='ltr'>Epamin.</span> <span class='ocrx_word' id='word_1_285' title='bbox 1843 383 1857 409; x_wconf 87' lang='lat'>‘</span> <span class='ocrx_word' id='word_1_286' title='bbox 1875 385 2040 428; x_wconf 86' lang='lat' dir='ltr'>Scimus</span> 
     </span>
     <span class='ocr_line' id='line_1_56' title="bbox 1159 449 2041 493; baseline -0.002 -1"><span class='ocrx_word' id='word_1_287' title='bbox 1159 453 1270 492; x_wconf 87' lang='lat' dir='ltr'>enim</span> <span class='ocrx_word' id='word_1_288' title='bbox 1293 451 1492 493; x_wconf 89' lang='lat' dir='ltr'>Musicen</span> <span class='ocrx_word' id='word_1_289' title='bbox 1513 450 1663 492; x_wconf 80' lang='lat' dir='ltr'>nostris</span> <span class='ocrx_word' id='word_1_290' title='bbox 1682 450 1868 491; x_wconf 90' lang='lat' dir='ltr'>moribus</span> <span class='ocrx_word' id='word_1_291' title='bbox 1888 449 2041 492; x_wconf 78' lang='lat' dir='ltr'>abesse</span> 
     </span>
     <span class='ocr_line' id='line_1_57' title="bbox 1160 513 2040 568; baseline -0.001 -13"><span class='ocrx_word' id='word_1_292' title='bbox 1160 528 1185 555; x_wconf 91' lang='lat' dir='ltr'>a</span> <span class='ocrx_word' id='word_1_293' title='bbox 1205 515 1410 568; x_wconf 88' lang='lat' dir='ltr'>principis</span> <span class='ocrx_word' id='word_1_294' title='bbox 1431 525 1627 566; x_wconf 79' lang='lat' dir='ltr'>persona,</span> <span class='ocrx_word' id='word_1_295' title='bbox 1645 514 1802 554; x_wconf 82' lang='lat' dir='ltr'>saltare</span> <span class='ocrx_word' id='word_1_296' title='bbox 1834 513 1966 554; x_wconf 84' lang='lat' dir='ltr'>etiam</span> <span class='ocrx_word' id='word_1_297' title='bbox 1995 514 2040 554; x_wconf 89' lang='lat' dir='ltr'>in</span> 
     </span>
     <span class='ocr_line' id='line_1_58' title="bbox 1158 576 2040 631; baseline -0.002 -11"><span class='ocrx_word' id='word_1_298' title='bbox 1158 579 1273 620; x_wconf 87' lang='lat' dir='ltr'>vitiis</span> <span class='ocrx_word' id='word_1_299' title='bbox 1292 578 1391 631; x_wconf 87' lang='lat' dir='ltr'>poni</span> <span class='ocrx_word' id='word_1_300' title='bbox 1410 577 1438 620; x_wconf 72' lang='grc' dir='ltr'><strong><em>ι’</em></strong></span> <span class='ocrx_word' id='word_1_301' title='bbox 1477 578 1547 619; x_wconf 91' lang='lat' dir='ltr'>cui</span> <span class='ocrx_word' id='word_1_302' title='bbox 1568 577 1720 618; x_wconf 90' lang='lat' dir='ltr'>Cicero</span> <span class='ocrx_word' id='word_1_303' title='bbox 1739 578 1771 619; x_wconf 88' lang='lat' dir='ltr'>l.</span> <span class='ocrx_word' id='word_1_304' title='bbox 1786 589 1818 619; x_wconf 91' lang='lat'>1.</span> <span class='ocrx_word' id='word_1_305' title='bbox 1832 577 1888 618; x_wconf 80' lang='lat' dir='ltr'>de</span> <span class='ocrx_word' id='word_1_306' title='bbox 1908 576 2040 619; x_wconf 88' lang='lat' dir='ltr'>Offic.</span> 
     </span>
     <span class='ocr_line' id='line_1_59' title="bbox 1158 640 2040 693; baseline 0 -13"><span class='ocrx_word' id='word_1_307' title='bbox 1158 640 1461 693; x_wconf 85' lang='lat' dir='ltr'>adstipulatur,</span> <span class='ocrx_word' id='word_1_308' title='bbox 1488 640 1589 680; x_wconf 89' lang='lat' dir='ltr'>dum</span> <span class='ocrx_word' id='word_1_309' title='bbox 1623 640 1851 681; x_wconf 76' lang='lat' dir='ltr'>saltatores</span> <span class='ocrx_word' id='word_1_310' title='bbox 1884 641 2040 693; x_wconf 90' lang='lat' dir='ltr'>impro-</span> 
     </span>
     <span class='ocr_line' id='line_1_60' title="bbox 1157 702 2039 756; baseline 0 -13"><span class='ocrx_word' id='word_1_311' title='bbox 1157 702 1258 754; x_wconf 88' lang='lat' dir='ltr'>bat;</span> <span class='ocrx_word' id='word_1_312' title='bbox 1289 709 1333 744; x_wconf 91' lang='lat' dir='ltr'>et</span> <span class='ocrx_word' id='word_1_313' title='bbox 1363 703 1464 745; x_wconf 88' lang='lat' dir='ltr'>alibi</span> <span class='ocrx_word' id='word_1_314' title='bbox 1483 703 1585 744; x_wconf 87' lang='lat' dir='ltr'>dum</span> <span class='ocrx_word' id='word_1_315' title='bbox 1614 703 1802 745; x_wconf 86' lang='lat' dir='ltr'>Gabinio</span> <span class='ocrx_word' id='word_1_316' title='bbox 1832 703 2039 756; x_wconf 82' lang='lat' dir='ltr'>singulari</span> 
     </span>
     <span class='ocr_line' id='line_1_61' title="bbox 1157 766 2039 819; baseline 0.003 -12"><span class='ocrx_word' id='word_1_317' title='bbox 1157 767 1263 818; x_wconf 91' lang='lat' dir='ltr'>viro,</span> <span class='ocrx_word' id='word_1_318' title='bbox 1296 767 1469 808; x_wconf 87' lang='lat' dir='ltr'>inimico</span> <span class='ocrx_word' id='word_1_319' title='bbox 1499 779 1594 818; x_wconf 84' lang='lat' dir='ltr'>suo,</span> <span class='ocrx_word' id='word_1_320' title='bbox 1627 766 1813 808; x_wconf 86' lang='lat' dir='ltr'>saltandi</span> <span class='ocrx_word' id='word_1_321' title='bbox 1838 767 2039 819; x_wconf 84' lang='lat' dir='ltr'>peritiam</span> 
     </span>
     <span class='ocr_line' id='line_1_62' title="bbox 1156 830 1967 883; baseline 0 -13"><span class='ocrx_word' id='word_1_322' title='bbox 1156 842 1239 870; x_wconf 89' lang='lat' dir='ltr'>non</span> <span class='ocrx_word' id='word_1_323' title='bbox 1259 830 1563 871; x_wconf 84' lang='lat' dir='ltr'>dissimilanter</span> <span class='ocrx_word' id='word_1_324' title='bbox 1582 830 1761 883; x_wconf 74' lang='lat' dir='ltr'>obJecit.</span> <span class='ocrx_word' id='word_1_325' title='bbox 1790 830 1967 881; x_wconf 71' lang='lat' dir='ltr'>Magius.</span> 
     </span>
    </p>

    <p class='ocr_par' dir='ltr' id='par_1_8' title="bbox 1144 892 2038 2593">
     <span class='ocr_line' id='line_1_63' title="bbox 1172 892 2037 945; baseline 0.003 -15"><span class='ocrx_word' id='word_1_326' title='bbox 1172 924 1178 930; x_wconf 84' lang='grc'><strong><em>,</em></strong></span> <span class='ocrx_word' id='word_1_327' title='bbox 1208 892 1459 945; x_wconf 48' lang='lat' dir='ltr'>&amp;denter-que</span> <span class='ocrx_word' id='word_1_328' title='bbox 1474 893 1585 933; x_wconf 80' lang='lat' dir='ltr'>tibiis</span> <span class='ocrx_word' id='word_1_329' title='bbox 1601 892 1798 945; x_wconf 71' lang='lat' dir='ltr'>cantasse]</span> <span class='ocrx_word' id='word_1_330' title='bbox 1816 893 1828 916; x_wconf 79' lang='lat'><strong><em>⁴</em></strong></span> <span class='ocrx_word' id='word_1_331' title='bbox 1845 893 2037 933; x_wconf 88' lang='lat' dir='ltr'>Fidibus’</span> 
     </span>
     <span class='ocr_line' id='line_1_64' title="bbox 1155 955 2035 1008; baseline 0 -12"><span class='ocrx_word' id='word_1_332' title='bbox 1155 956 1218 997; x_wconf 87' lang='lat' dir='ltr'>ait</span> <span class='ocrx_word' id='word_1_333' title='bbox 1260 956 1430 1008; x_wconf 90' lang='lat' dir='ltr'>Cicero,</span> <span class='ocrx_word' id='word_1_334' title='bbox 1468 956 1703 998; x_wconf 88' lang='lat' dir='ltr'>Tusculan.</span> <span class='ocrx_word' id='word_1_335' title='bbox 1736 968 1780 997; x_wconf 90' lang='lat' dir='ltr'>v.</span> <span class='ocrx_word' id='word_1_336' title='bbox 1835 955 2035 998; x_wconf 72' lang='lat' dir='ltr'>schottus.</span> 
     </span>
     <span class='ocr_line' id='line_1_65' title="bbox 1154 1018 2037 1072; baseline -0.002 -11"><span class='ocrx_word' id='word_1_337' title='bbox 1154 1018 1282 1061; x_wconf 81' lang='lat' dir='ltr'>Quod</span> <span class='ocrx_word' id='word_1_338' title='bbox 1315 1018 1371 1066; x_wconf 83' lang='lat' dir='ltr'>ab</span> <span class='ocrx_word' id='word_1_339' title='bbox 1402 1019 1590 1072; x_wconf 81' lang='lat' dir='ltr'>antiquis</span> <span class='ocrx_word' id='word_1_340' title='bbox 1634 1019 1832 1061; x_wconf 82' lang='lat' dir='ltr'>Ducibus</span> <span class='ocrx_word' id='word_1_341' title='bbox 1868 1019 2037 1059; x_wconf 77' lang='lat' dir='ltr'>factita-</span> 
     </span>
     <span class='ocr_line' id='line_1_66' title="bbox 1154 1081 2038 1132; baseline 0 -10"><span class='ocrx_word' id='word_1_342' title='bbox 1154 1086 1262 1132; x_wconf 90' lang='lat' dir='ltr'>tum,</span> <span class='ocrx_word' id='word_1_343' title='bbox 1306 1087 1354 1122; x_wconf 89' lang='lat' dir='ltr'>ut</span> <span class='ocrx_word' id='word_1_344' title='bbox 1388 1081 1702 1123; x_wconf 83' lang='lat' dir='ltr'>demonstravit</span> <span class='ocrx_word' id='word_1_345' title='bbox 1738 1082 1792 1122; x_wconf 89' lang='lat' dir='ltr'>ad</span> <span class='ocrx_word' id='word_1_346' title='bbox 1836 1082 2038 1122; x_wconf 84' lang='lat' dir='ltr'>Tacitum</span> 
     </span>
     <span class='ocr_line' id='line_1_67' title="bbox 1152 1145 2035 1197; baseline -0.001 -11"><span class='ocrx_word' id='word_1_347' title='bbox 1152 1145 1340 1197; x_wconf 86' lang='lat' dir='ltr'>Lipsius.</span> <span class='ocrx_word' id='word_1_348' title='bbox 1374 1146 1531 1186; x_wconf 70' lang='lat' dir='ltr'>Keaoeh.</span> <span class='ocrx_word' id='word_1_349' title='bbox 1583 1145 1814 1187; x_wconf 85' lang='lat' dir='ltr'>Sciendum</span> <span class='ocrx_word' id='word_1_350' title='bbox 1831 1151 1899 1191; x_wconf 87' lang='lat' dir='ltr'>est</span> <span class='ocrx_word' id='word_1_351' title='bbox 1917 1157 2035 1197; x_wconf 85' lang='lat' dir='ltr'>mag—</span> 
     </span>
     <span class='ocr_line' id='line_1_68' title="bbox 1153 1209 2036 1263; baseline -0.001 -13"><span class='ocrx_word' id='word_1_352' title='bbox 1153 1222 1254 1250; x_wconf 89' lang='lat' dir='ltr'>num</span> <span class='ocrx_word' id='word_1_353' title='bbox 1274 1210 1511 1263; x_wconf 89' lang='lat' dir='ltr'>antiquitus</span> <span class='ocrx_word' id='word_1_354' title='bbox 1544 1210 1657 1263; x_wconf 88' lang='lat' dir='ltr'>apud</span> <span class='ocrx_word' id='word_1_355' title='bbox 1689 1222 1835 1250; x_wconf 90' lang='lat' dir='ltr'>omnes</span> <span class='ocrx_word' id='word_1_356' title='bbox 1854 1209 2036 1250; x_wconf 84' lang='lat' dir='ltr'>Graecos</span> 
     </span>
     <span class='ocr_line' id='line_1_69' title="bbox 1150 1273 2035 1325; baseline -0.002 -12"><span class='ocrx_word' id='word_1_357' title='bbox 1150 1273 1283 1315; x_wconf 88' lang='lat' dir='ltr'>fuisse</span> <span class='ocrx_word' id='word_1_358' title='bbox 1315 1274 1496 1315; x_wconf 85' lang='lat' dir='ltr'>musices</span> <span class='ocrx_word' id='word_1_359' title='bbox 1526 1274 1731 1324; x_wconf 88' lang='lat' dir='ltr'>studium,</span> <span class='ocrx_word' id='word_1_360' title='bbox 1751 1273 2035 1325; x_wconf 80' lang='lat' dir='ltr'>tibiarumque</span> 
     </span>
     <span class='ocr_line' id='line_1_70' title="bbox 1150 1336 2035 1390; baseline -0.003 -12"><span class='ocrx_word' id='word_1_361' title='bbox 1150 1343 1288 1379; x_wconf 85' lang='lat' dir='ltr'>artem</span> <span class='ocrx_word' id='word_1_362' title='bbox 1308 1349 1390 1378; x_wconf 90' lang='lat' dir='ltr'>uon</span> <span class='ocrx_word' id='word_1_363' title='bbox 1416 1349 1551 1390; x_wconf 85' lang='lat' dir='ltr'>parvo</span> <span class='ocrx_word' id='word_1_364' title='bbox 1580 1338 1624 1378; x_wconf 90' lang='lat' dir='ltr'>in</span> <span class='ocrx_word' id='word_1_365' title='bbox 1653 1336 1794 1390; x_wconf 89' lang='lat' dir='ltr'>pretio</span> <span class='ocrx_word' id='word_1_366' title='bbox 1822 1336 2035 1386; x_wconf 78' lang='lat' dir='ltr'>habitam3</span> 
     </span>
     <span class='ocr_line' id='line_1_71' title="bbox 1151 1399 2034 1453; baseline -0.002 -12"><span class='ocrx_word' id='word_1_367' title='bbox 1151 1406 1201 1441; x_wconf 91' lang='lat' dir='ltr'>ut</span> <span class='ocrx_word' id='word_1_368' title='bbox 1219 1400 1331 1453; x_wconf 89' lang='lat' dir='ltr'>apud</span> <span class='ocrx_word' id='word_1_369' title='bbox 1355 1399 1514 1442; x_wconf 82' lang='lat' dir='ltr'>Athen.</span> <span class='ocrx_word' id='word_1_370' title='bbox 1542 1401 1572 1441; x_wconf 92' lang='lat' dir='ltr'>l.</span> <span class='ocrx_word' id='word_1_371' title='bbox 1591 1411 1658 1441; x_wconf 80' lang='lat' dir='ltr'>lv.</span> <span class='ocrx_word' id='word_1_372' title='bbox 1684 1404 1751 1442; x_wconf 83' lang='lat'>25.</span> <span class='ocrx_word' id='word_1_373' title='bbox 1778 1400 1922 1452; x_wconf 88' lang='lat' dir='ltr'>legere</span> <span class='ocrx_word' id='word_1_374' title='bbox 1951 1405 2034 1440; x_wconf 89' lang='lat' dir='ltr'>est.</span> 
     </span>
     <span class='ocr_line' id='line_1_72' title="bbox 1149 1461 2035 1505; baseline -0.002 -1"><span class='ocrx_word' id='word_1_375' title='bbox 1149 1463 1371 1505; x_wconf 84' lang='lat' dir='ltr'>Plutarch.</span> <span class='ocrx_word' id='word_1_376' title='bbox 1391 1463 1436 1503; x_wconf 89' lang='lat' dir='ltr'>in</span> <span class='ocrx_word' id='word_1_377' title='bbox 1455 1463 1632 1505; x_wconf 89' lang='lat' dir='ltr'>Musicis</span> <span class='ocrx_word' id='word_1_378' title='bbox 1661 1463 1775 1504; x_wconf 88' lang='lat' dir='ltr'>idem</span> <span class='ocrx_word' id='word_1_379' title='bbox 1804 1461 1940 1504; x_wconf 85' lang='lat' dir='ltr'>ferme</span> <span class='ocrx_word' id='word_1_380' title='bbox 1965 1474 2035 1502; x_wconf 87' lang='lat' dir='ltr'>os-</span> 
     </span>
     <span class='ocr_line' id='line_1_73' title="bbox 1152 1525 2032 1580; baseline 0 -14"><span class='ocrx_word' id='word_1_381' title='bbox 1152 1526 1308 1578; x_wconf 87' lang='lat' dir='ltr'>tendit,</span> <span class='ocrx_word' id='word_1_382' title='bbox 1354 1525 1575 1580; x_wconf 81' lang='lat' dir='ltr'>refertque</span> <span class='ocrx_word' id='word_1_383' title='bbox 1611 1527 1752 1579; x_wconf 89' lang='lat' dir='ltr'>ipsum</span> <span class='ocrx_word' id='word_1_384' title='bbox 1795 1526 2032 1567; x_wconf 86' lang='lat' dir='ltr'>Herculem</span> 
     </span>
     <span class='ocr_line' id='line_1_74' title="bbox 1148 1587 2032 1642; baseline -0.003 -12"><span class='ocrx_word' id='word_1_385' title='bbox 1148 1590 1318 1631; x_wconf 81' lang='lat' dir='ltr'>Musica</span> <span class='ocrx_word' id='word_1_386' title='bbox 1345 1589 1652 1642; x_wconf 54' lang='lat' dir='ltr'>usum&#39;fuisse:</span> <span class='ocrx_word' id='word_1_387' title='bbox 1694 1590 1799 1630; x_wconf 90' lang='lat' dir='ltr'>item</span> <span class='ocrx_word' id='word_1_388' title='bbox 1818 1587 2032 1629; x_wconf 88' lang='lat' dir='ltr'>Achillem</span> 
     </span>
     <span class='ocr_line' id='line_1_75' title="bbox 1148 1650 2032 1707; baseline -0.003 -13"><span class='ocrx_word' id='word_1_389' title='bbox 1148 1654 1438 1706; x_wconf 85' lang='lat' dir='ltr'>plurimosque</span> <span class='ocrx_word' id='word_1_390' title='bbox 1470 1650 1591 1705; x_wconf 87' lang='lat' dir='ltr'>alios,</span> <span class='ocrx_word' id='word_1_391' title='bbox 1627 1665 1807 1707; x_wconf 85' lang='lat' dir='ltr'>quorum</span> <span class='ocrx_word' id='word_1_392' title='bbox 1836 1652 2032 1693; x_wconf 84' lang='lat' dir='ltr'>eruditor</span> 
     </span>
     <span class='ocr_line' id='line_1_76' title="bbox 1147 1715 2031 1769; baseline -0.002 -12"><span class='ocrx_word' id='word_1_393' title='bbox 1147 1717 1487 1769; x_wconf 84' lang='lat' dir='ltr'>sapientissimus</span> <span class='ocrx_word' id='word_1_394' title='bbox 1533 1716 1606 1757; x_wconf 90' lang='lat' dir='ltr'>ille</span> <span class='ocrx_word' id='word_1_395' title='bbox 1651 1716 1809 1758; x_wconf 85' lang='lat' dir='ltr'>Chiron</span> <span class='ocrx_word' id='word_1_396' title='bbox 1855 1715 2031 1757; x_wconf 88' lang='lat' dir='ltr'>dicitur.</span> 
     </span>
     <span class='ocr_line' id='line_1_77' title="bbox 1148 1779 2033 1831; baseline -0.005 -9"><span class='ocrx_word' id='word_1_397' title='bbox 1148 1782 1221 1822; x_wconf 87' lang='lat' dir='ltr'>De</span> <span class='ocrx_word' id='word_1_398' title='bbox 1240 1781 1408 1821; x_wconf 86' lang='lat' dir='ltr'>Achille</span> <span class='ocrx_word' id='word_1_399' title='bbox 1431 1780 1620 1828; x_wconf 41' lang='lat' dir='ltr'>Homer.»</span> <span class='ocrx_word' id='word_1_400' title='bbox 1630 1779 1760 1820; x_wconf 86' lang='lat' dir='ltr'>Iliad.</span> <span class='ocrx_word' id='word_1_401' title='bbox 1781 1790 1848 1820; x_wconf 83' lang='lat' dir='ltr'>lx.</span> <span class='ocrx_word' id='word_1_402' title='bbox 1917 1780 2033 1831; x_wconf 77' lang='lat' dir='ltr'>Lyra</span> 
     </span>
     <span class='ocr_line' id='line_1_78' title="bbox 1148 1841 2032 1896; baseline -0.003 -12"><span class='ocrx_word' id='word_1_403' title='bbox 1148 1843 1294 1895; x_wconf 88' lang='lat' dir='ltr'>etiam,</span> <span class='ocrx_word' id='word_1_404' title='bbox 1310 1843 1376 1884; x_wconf 88' lang='lat' dir='ltr'>vel</span> <span class='ocrx_word' id='word_1_405' title='bbox 1394 1845 1462 1896; x_wconf 88' lang='lat' dir='ltr'>(ut</span> <span class='ocrx_word' id='word_1_406' title='bbox 1479 1842 1549 1883; x_wconf 89' lang='lat' dir='ltr'>alii</span> <span class='ocrx_word' id='word_1_407' title='bbox 1565 1842 1716 1884; x_wconf 89' lang='lat' dir='ltr'>dicunt</span> <span class='ocrx_word' id='word_1_408' title='bbox 1735 1843 1852 1883; x_wconf 85' lang='lat' dir='ltr'>nullo</span> <span class='ocrx_word' id='word_1_409' title='bbox 1882 1841 2032 1883; x_wconf 84' lang='lat' dir='ltr'>discri-</span> 
     </span>
     <span class='ocr_line' id='line_1_79' title="bbox 1147 1906 2032 1960; baseline -0.003 -12"><span class='ocrx_word' id='word_1_410' title='bbox 1147 1907 1283 1960; x_wconf 89' lang='lat' dir='ltr'>mine)</span> <span class='ocrx_word' id='word_1_411' title='bbox 1315 1907 1494 1958; x_wconf 88' lang='lat' dir='ltr'>cithara,</span> <span class='ocrx_word' id='word_1_412' title='bbox 1510 1917 1741 1959; x_wconf 85' lang='lat' dir='ltr'>personare</span> <span class='ocrx_word' id='word_1_413' title='bbox 1771 1906 2032 1958; x_wconf 80' lang='lat' dir='ltr'>Epaminon-</span> 
     </span>
     <span class='ocr_line' id='line_1_80' title="bbox 1147 1968 2032 2022; baseline -0.001 -12"><span class='ocrx_word' id='word_1_414' title='bbox 1147 1970 1227 2010; x_wconf 88' lang='lat' dir='ltr'>das</span> <span class='ocrx_word' id='word_1_415' title='bbox 1246 1969 1417 2022; x_wconf 88' lang='lat' dir='ltr'>didicit,</span> <span class='ocrx_word' id='word_1_416' title='bbox 1447 1974 1648 2009; x_wconf 84' lang='lat' dir='ltr'>auctores</span> <span class='ocrx_word' id='word_1_417' title='bbox 1677 1968 1832 2008; x_wconf 88' lang='lat' dir='ltr'>Cicero</span> <span class='ocrx_word' id='word_1_418' title='bbox 1861 1968 2032 2009; x_wconf 83' lang='lat' dir='ltr'>Qnaest.</span> 
     </span>
     <span class='ocr_line' id='line_1_81' title="bbox 1146 2029 2031 2084; baseline -0.003 -11"><span class='ocrx_word' id='word_1_419' title='bbox 1146 2033 1315 2074; x_wconf 85' lang='lat' dir='ltr'>Tuscul.</span> <span class='ocrx_word' id='word_1_420' title='bbox 1334 2044 1369 2074; x_wconf 88' lang='lat'>1.</span> <span class='ocrx_word' id='word_1_421' title='bbox 1396 2037 1443 2072; x_wconf 91' lang='lat' dir='ltr'>et</span> <span class='ocrx_word' id='word_1_422' title='bbox 1463 2033 1649 2084; x_wconf 87' lang='lat' dir='ltr'>ipsemet</span> <span class='ocrx_word' id='word_1_423' title='bbox 1667 2030 1836 2071; x_wconf 90' lang='lat' dir='ltr'>Probus</span> <span class='ocrx_word' id='word_1_424' title='bbox 1855 2029 1970 2071; x_wconf 87' lang='lat' dir='ltr'>infra</span> <span class='ocrx_word' id='word_1_425' title='bbox 1984 2030 2031 2070; x_wconf 90' lang='lat' dir='ltr'>in</span> 
     </span>
     <span class='ocr_line' id='line_1_82' title="bbox 1148 2093 2030 2149; baseline -0.005 -13"><span class='ocrx_word' id='word_1_426' title='bbox 1148 2094 1460 2148; x_wconf 86' lang='lat' dir='ltr'>Epaminonda.</span> <span class='ocrx_word' id='word_1_427' title='bbox 1526 2096 1684 2146; x_wconf 79' lang='lat' dir='ltr'>Lyram</span> <span class='ocrx_word' id='word_1_428' title='bbox 1697 2144 1699 2146; x_wconf 14' lang='lat' dir='ltr'>q</span> <span class='ocrx_word' id='word_1_429' title='bbox 1713 2099 1856 2134; x_wconf 89' lang='lat' dir='ltr'>autem</span> <span class='ocrx_word' id='word_1_430' title='bbox 1886 2099 1930 2134; x_wconf 88' lang='lat' dir='ltr'>et</span> <span class='ocrx_word' id='word_1_431' title='bbox 1947 2093 2030 2149; x_wconf 15' lang='lat' dir='ltr'>*ci-</span> 
     </span>
     <span class='ocr_line' id='line_1_83' title="bbox 1147 2157 2029 2212; baseline -0.001 -13"><span class='ocrx_word' id='word_1_432' title='bbox 1147 2160 1310 2200; x_wconf 85' lang='lat' dir='ltr'>tharam</span> <span class='ocrx_word' id='word_1_433' title='bbox 1323 2171 1401 2212; x_wconf 85' lang='lat' dir='ltr'>pro</span> <span class='ocrx_word' id='word_1_434' title='bbox 1416 2158 1568 2199; x_wconf 90' lang='lat' dir='ltr'>eodem</span> <span class='ocrx_word' id='word_1_435' title='bbox 1584 2158 1724 2210; x_wconf 81' lang='lat' dir='ltr'>accipi</span> <span class='ocrx_word' id='word_1_436' title='bbox 1743 2157 2029 2198; x_wconf 88' lang='lat' dir='ltr'>instrumento</span> 
     </span>
     <span class='ocr_line' id='line_1_84' title="bbox 1149 2221 2030 2274; baseline -0.002 -12"><span class='ocrx_word' id='word_1_437' title='bbox 1149 2228 1333 2264; x_wconf 84' lang='lat' dir='ltr'>testatur</span> <span class='ocrx_word' id='word_1_438' title='bbox 1356 2222 1445 2264; x_wconf 87' lang='lat' dir='ltr'>Jul.</span> <span class='ocrx_word' id='word_1_439' title='bbox 1463 2221 1636 2272; x_wconf 86' lang='lat' dir='ltr'>Pollux,</span> <span class='ocrx_word' id='word_1_440' title='bbox 1667 2221 1876 2274; x_wconf 81' lang='lat' dir='ltr'>inquiens,</span> <span class='ocrx_word' id='word_1_441' title='bbox 1905 2228 2030 2273; x_wconf 78' lang='grc' dir='ltr'><strong><em>λυρῳ-</em></strong></span> 
     </span>
     <span class='ocr_line' id='line_1_85' title="bbox 1145 2284 2028 2341; baseline -0.001 -15"><span class='ocrx_word' id='word_1_442' title='bbox 1145 2285 1248 2337; x_wconf 80' lang='grc' dir='ltr'><strong><em>δοὺς,</em></strong></span> <span class='ocrx_word' id='word_1_443' title='bbox 1265 2284 1507 2339; x_wconf 77' lang='grc' dir='ltr'><strong><em>κιθαρῳδοὺς,</em></strong></span> <span class='ocrx_word' id='word_1_444' title='bbox 1524 2284 1746 2338; x_wconf 81' lang='grc' dir='ltr'><strong><em>κιθαριστὰς</em></strong></span> <span class='ocrx_word' id='word_1_445' title='bbox 1766 2285 1878 2341; x_wconf 80' lang='lat' dir='ltr'>idem</span> <span class='ocrx_word' id='word_1_446' title='bbox 1897 2286 2028 2339; x_wconf 83' lang='lat' dir='ltr'>signi-</span> 
     </span>
     <span class='ocr_line' id='line_1_86' title="bbox 1145 2348 2029 2392; baseline -0.005 -1"><span class='ocrx_word' id='word_1_447' title='bbox 1145 2349 1289 2392; x_wconf 83' lang='lat' dir='ltr'>ficare.</span> <span class='ocrx_word' id='word_1_448' title='bbox 1345 2348 1473 2390; x_wconf 87' lang='lat' dir='ltr'>Unde</span> <span class='ocrx_word' id='word_1_449' title='bbox 1493 2348 1725 2390; x_wconf 82' lang='lat' dir='ltr'>Athenaens</span> <span class='ocrx_word' id='word_1_450' title='bbox 1743 2348 1770 2389; x_wconf 90' lang='lat' dir='ltr'>l.</span> <span class='ocrx_word' id='word_1_451' title='bbox 1793 2358 1889 2388; x_wconf 81' lang='lat' dir='ltr'>xiv.</span> <span class='ocrx_word' id='word_1_452' title='bbox 1922 2351 2029 2388; x_wconf 76' lang='grc' dir='ltr'><strong><em>κιθα·</em></strong></span> 
     </span>
     <span class='ocr_line' id='line_1_87' title="bbox 1144 2412 2028 2467; baseline -0.003 -12"><span class='ocrx_word' id='word_1_453' title='bbox 1144 2414 1266 2467; x_wconf 75' lang='grc' dir='ltr'><strong><em>ρίζειν</em></strong></span> <span class='ocrx_word' id='word_1_454' title='bbox 1284 2414 1338 2456; x_wconf 90' lang='lat' dir='ltr'>ad</span> <span class='ocrx_word' id='word_1_455' title='bbox 1356 2415 1489 2467; x_wconf 87' lang='lat' dir='ltr'>lyram</span> <span class='ocrx_word' id='word_1_456' title='bbox 1511 2413 1675 2464; x_wconf 88' lang='lat' dir='ltr'>retulit,</span> <span class='ocrx_word' id='word_1_457' title='bbox 1690 2424 1785 2453; x_wconf 90' lang='lat' dir='ltr'>cum</span> <span class='ocrx_word' id='word_1_458' title='bbox 1805 2412 1883 2464; x_wconf 90' lang='lat' dir='ltr'>ait,</span> <span class='ocrx_word' id='word_1_459' title='bbox 1907 2412 1919 2434; x_wconf 88' lang='lat'>‘</span> <span class='ocrx_word' id='word_1_460' title='bbox 1941 2413 2028 2452; x_wconf 87' lang='lat' dir='ltr'>Cli·</span> 
     </span>
     <span class='ocr_line' id='line_1_88' title="bbox 1145 2473 2027 2532; baseline -0.006 -13"><span class='ocrx_word' id='word_1_461' title='bbox 1145 2480 1236 2520; x_wconf 81' lang='lat' dir='ltr'>nias</span> <span class='ocrx_word' id='word_1_462' title='bbox 1269 2478 1564 2532; x_wconf 80' lang='lat' dir='ltr'>Pythagoreus</span> <span class='ocrx_word' id='word_1_463' title='bbox 1598 2473 1786 2529; x_wconf 75' lang='grc' dir='ltr'><strong><em>ἐκιθάρισε</em></strong></span> <span class='ocrx_word' id='word_1_464' title='bbox 1816 2476 1869 2529; x_wconf 77' lang='grc' dir='ltr'>τῇ</span> <span class='ocrx_word' id='word_1_465' title='bbox 1899 2474 2027 2528; x_wconf 79' lang='grc' dir='ltr'><strong><em>λύρᾳ.’</em></strong></span> 
     </span>
     <span class='ocr_line' id='line_1_89' title="bbox 1145 2542 1324 2593; baseline -0.006 -10"><span class='ocrx_word' id='word_1_466' title='bbox 1145 2542 1324 2593; x_wconf 59' lang='lat' dir='ltr'>Magius.</span> 
     </span>
    </p>

    <p class='ocr_par' dir='ltr' id='par_1_9' title="bbox 1138 2604 2028 3398">
     <span class='ocr_line' id='line_1_90' title="bbox 1201 2604 2028 2647; baseline -0.004 0"><span class='ocrx_word' id='word_1_467' title='bbox 1201 2607 1296 2647; x_wconf 80' lang='grc' dir='ltr'><strong><em>Νοιι</em></strong></span> <span class='ocrx_word' id='word_1_468' title='bbox 1322 2606 1456 2646; x_wconf 79' lang='lat' dir='ltr'>eadem</span> <span class='ocrx_word' id='word_1_469' title='bbox 1483 2604 1658 2646; x_wconf 72' lang='lat' dir='ltr'>omnibus</span> <span class='ocrx_word' id='word_1_470' title='bbox 1684 2616 1764 2645; x_wconf 84' lang='lat' dir='ltr'>esse</span> <span class='ocrx_word' id='word_1_471' title='bbox 1786 2604 1947 2644; x_wconf 77' lang='lat' dir='ltr'>honesta</span> <span class='ocrx_word' id='word_1_472' title='bbox 1963 2608 2028 2644; x_wconf 77' lang='lat' dir='ltr'>at-</span> 
     </span>
     <span class='ocr_line' id='line_1_91' title="bbox 1146 2663 2028 2722; baseline -0.003 -12"><span class='ocrx_word' id='word_1_473' title='bbox 1146 2681 1222 2722; x_wconf 77' lang='lat' dir='ltr'>que</span> <span class='ocrx_word' id='word_1_474' title='bbox 1241 2667 1394 2721; x_wconf 78' lang='lat' dir='ltr'>turpia]</span> <span class='ocrx_word' id='word_1_475' title='bbox 1421 2668 1621 2721; x_wconf 83' lang='lat' dir='ltr'>Exempli</span> <span class='ocrx_word' id='word_1_476' title='bbox 1636 2663 1785 2720; x_wconf 81' lang='lat' dir='ltr'>gratia,</span> <span class='ocrx_word' id='word_1_477' title='bbox 1805 2667 2028 2719; x_wconf 84' lang='lat' dir='ltr'>Carthagi·</span> 
     </span>
     <span class='ocr_line' id='line_1_92' title="bbox 1143 2730 2027 2780; baseline -0.002 -7"><span class='ocrx_word' id='word_1_478' title='bbox 1143 2731 1363 2780; x_wconf 88' lang='lat' dir='ltr'>niensibus</span> <span class='ocrx_word' id='word_1_479' title='bbox 1395 2738 1492 2772; x_wconf 89' lang='lat' dir='ltr'>erat</span> <span class='ocrx_word' id='word_1_480' title='bbox 1525 2737 1692 2771; x_wconf 79' lang='lat' dir='ltr'>rectum</span> <span class='ocrx_word' id='word_1_481' title='bbox 1725 2736 1773 2772; x_wconf 92' lang='lat' dir='ltr'>et</span> <span class='ocrx_word' id='word_1_482' title='bbox 1809 2730 2027 2771; x_wconf 85' lang='lat' dir='ltr'>laudabile</span> 
     </span>
     <span class='ocr_line' id='line_1_93' title="bbox 1142 2792 2026 2841; baseline -0.005 -5"><span class='ocrx_word' id='word_1_483' title='bbox 1142 2796 1326 2841; x_wconf 82' lang='lat' dir='ltr'>Saturno</span> <span class='ocrx_word' id='word_1_484' title='bbox 1359 2795 1516 2834; x_wconf 86' lang='lat' dir='ltr'>hostias</span> <span class='ocrx_word' id='word_1_485' title='bbox 1546 2794 1748 2834; x_wconf 89' lang='lat' dir='ltr'>humanas</span> <span class='ocrx_word' id='word_1_486' title='bbox 1780 2792 2026 2841; x_wconf 86' lang='lat' dir='ltr'>immolare;</span> 
     </span>
     <span class='ocr_line' id='line_1_94' title="bbox 1144 2855 2027 2909; baseline -0.006 -10"><span class='ocrx_word' id='word_1_487' title='bbox 1144 2857 1313 2899; x_wconf 81' lang='lat' dir='ltr'>Graecis</span> <span class='ocrx_word' id='word_1_488' title='bbox 1331 2862 1378 2897; x_wconf 88' lang='lat' dir='ltr'>et</span> <span class='ocrx_word' id='word_1_489' title='bbox 1395 2855 1598 2909; x_wconf 31' lang='lat' dir='ltr'>Rom-anis</span> <span class='ocrx_word' id='word_1_490' title='bbox 1630 2866 1778 2896; x_wconf 82' lang='lat' dir='ltr'>secus:</span> <span class='ocrx_word' id='word_1_491' title='bbox 1821 2855 2027 2895; x_wconf 78' lang='lat' dir='ltr'>Lacedoe-</span> 
     </span>
     <span class='ocr_line' id='line_1_95' title="bbox 1142 2916 2028 2974; baseline -0.002 -15"><span class='ocrx_word' id='word_1_492' title='bbox 1142 2919 1293 2960; x_wconf 86' lang='lat' dir='ltr'>moniis</span> <span class='ocrx_word' id='word_1_493' title='bbox 1328 2918 1470 2971; x_wconf 90' lang='lat' dir='ltr'>pueris</span> <span class='ocrx_word' id='word_1_494' title='bbox 1502 2916 1655 2969; x_wconf 83' lang='lat' dir='ltr'>furari,</span> <span class='ocrx_word' id='word_1_495' title='bbox 1685 2917 1812 2958; x_wconf 84' lang='lat' dir='ltr'>modo</span> <span class='ocrx_word' id='word_1_496' title='bbox 1842 2918 2028 2974; x_wconf 82' lang='lat' dir='ltr'>laterent</span> 
     </span>
     <span class='ocr_line' id='line_1_96' title="bbox 1142 2979 2025 3033; baseline -0.003 -10"><span class='ocrx_word' id='word_1_497' title='bbox 1142 2987 1191 3023; x_wconf 83' lang='lat' dir='ltr'>et</span> <span class='ocrx_word' id='word_1_498' title='bbox 1227 2993 1313 3022; x_wconf 91' lang='lat' dir='ltr'>nou</span> <span class='ocrx_word' id='word_1_499' title='bbox 1358 2979 1786 3033; x_wconf 84' lang='lat' dir='ltr'>deprehenderentur</span> <span class='ocrx_word' id='word_1_500' title='bbox 1821 2980 1865 3020; x_wconf 90' lang='lat' dir='ltr'>in</span> <span class='ocrx_word' id='word_1_501' title='bbox 1906 2979 2025 3021; x_wconf 87' lang='lat' dir='ltr'>furto</span> 
     </span>
     <span class='ocr_line' id='line_1_97' title="bbox 1144 3043 2026 3095; baseline -0.002 -10"><span class='ocrx_word' id='word_1_502' title='bbox 1144 3043 1391 3095; x_wconf 80' lang='lat' dir='ltr'>manifesto,</span> <span class='ocrx_word' id='word_1_503' title='bbox 1407 3044 1661 3093; x_wconf 87' lang='lat' dir='ltr'>honestum;</span> <span class='ocrx_word' id='word_1_504' title='bbox 1689 3043 1860 3085; x_wconf 83' lang='lat' dir='ltr'>Graecis</span> <span class='ocrx_word' id='word_1_505' title='bbox 1875 3049 1919 3084; x_wconf 87' lang='lat' dir='ltr'>et</span> <span class='ocrx_word' id='word_1_506' title='bbox 1941 3044 2026 3083; x_wconf 89' lang='lat' dir='ltr'>Ro-</span> 
     </span>
     <span class='ocr_line' id='line_1_98' title="bbox 1142 3105 2027 3158; baseline -0.005 -11"><span class='ocrx_word' id='word_1_507' title='bbox 1142 3106 1282 3148; x_wconf 87' lang='lat' dir='ltr'>manis</span> <span class='ocrx_word' id='word_1_508' title='bbox 1302 3110 1446 3158; x_wconf 85' lang='lat' dir='ltr'>turpe.</span> <span class='ocrx_word' id='word_1_509' title='bbox 1501 3105 1572 3145; x_wconf 86' lang='lat' dir='ltr'>Sic</span> <span class='ocrx_word' id='word_1_510' title='bbox 1589 3105 1848 3145; x_wconf 86' lang='lat' dir='ltr'>Plutarchus</span> <span class='ocrx_word' id='word_1_511' title='bbox 1862 3106 1906 3146; x_wconf 90' lang='lat' dir='ltr'>in</span> <span class='ocrx_word' id='word_1_512' title='bbox 1919 3105 2027 3144; x_wconf 87' lang='lat' dir='ltr'>The-</span> 
     </span>
     <span class='ocr_line' id='line_1_99' title="bbox 1144 3165 2025 3221; baseline -0.002 -12"><span class='ocrx_word' id='word_1_513' title='bbox 1144 3168 1367 3210; x_wconf 86' lang='lat' dir='ltr'>mistocle:</span> <span class='ocrx_word' id='word_1_514' title='bbox 1409 3166 1439 3207; x_wconf 78' lang='grc' dir='ltr'><strong><em>ὦ</em></strong></span> <span class='ocrx_word' id='word_1_515' title='bbox 1456 3165 1554 3218; x_wconf 76' lang='grc' dir='ltr'><strong><em>ξένε,</em></strong></span> <span class='ocrx_word' id='word_1_516' title='bbox 1571 3165 1679 3217; x_wconf 79' lang='grc' dir='ltr'><strong><em>νόμοι</em></strong></span> <span class='ocrx_word' id='word_1_517' title='bbox 1696 3165 1941 3221; x_wconf 75' lang='grc' dir='ltr'><strong><em>διαφέρουσιν</em></strong></span> <span class='ocrx_word' id='word_1_518' title='bbox 1958 3166 2025 3207; x_wconf 75' lang='grc' dir='ltr'>ἆν-</span> 
     </span>
     <span class='ocr_line' id='line_1_100' title="bbox 1140 3227 2025 3283; baseline 0 -13"><span class='ocrx_word' id='word_1_519' title='bbox 1140 3230 1310 3283; x_wconf 67' lang='grc' dir='ltr'><strong><em>θράκων·</em></strong></span> <span class='ocrx_word' id='word_1_520' title='bbox 1331 3230 1442 3271; x_wconf 71' lang='grc' dir='ltr'>ἄλλα</span> <span class='ocrx_word' id='word_1_521' title='bbox 1459 3229 1502 3270; x_wconf 81' lang='grc' dir='ltr'>δὲ</span> <span class='ocrx_word' id='word_1_522' title='bbox 1520 3228 1658 3269; x_wconf 66' lang='grc' dir='ltr'><strong><em>ἄλλοις</em></strong></span> <span class='ocrx_word' id='word_1_523' title='bbox 1681 3227 1800 3269; x_wconf 72' lang='grc' dir='ltr'><strong><em>καλά·</em></strong></span> <span class='ocrx_word' id='word_1_524' title='bbox 1829 3229 1954 3270; x_wconf 81' lang='grc' dir='ltr'><strong><em>καλὸν</em></strong></span> <span class='ocrx_word' id='word_1_525' title='bbox 1981 3229 2025 3270; x_wconf 82' lang='grc' dir='ltr'>δὲ</span> 
     </span>
     <span class='ocr_line' id='line_1_101' title="bbox 1138 3291 2025 3345; baseline 0.001 -12"><span class='ocrx_word' id='word_1_526' title='bbox 1138 3295 1236 3334; x_wconf 77' lang='grc' dir='ltr'><strong><em>πᾶσι</em></strong></span> <span class='ocrx_word' id='word_1_527' title='bbox 1252 3293 1306 3334; x_wconf 76' lang='grc' dir='ltr'>τὰ</span> <span class='ocrx_word' id='word_1_528' title='bbox 1322 3292 1444 3334; x_wconf 70' lang='grc' dir='ltr'><strong><em>οἰκεῖα</em></strong></span> <span class='ocrx_word' id='word_1_529' title='bbox 1459 3291 1599 3345; x_wconf 72' lang='grc' dir='ltr'><strong><em>σώζειν</em></strong></span> <span class='ocrx_word' id='word_1_530' title='bbox 1616 3291 1681 3334; x_wconf 74' lang='grc' dir='ltr'>καὶ</span> <span class='ocrx_word' id='word_1_531' title='bbox 1697 3294 1869 3342; x_wconf 78' lang='grc' dir='ltr'><strong><em>κοσμεῖν.</em></strong></span> <span class='ocrx_word' id='word_1_532' title='bbox 1905 3293 2025 3334; x_wconf 79' lang='lat' dir='ltr'>Lam·</span> 
     </span>
     <span class='ocr_line' id='line_1_102' title="bbox 1139 3357 1268 3398; baseline -0.008 0"><span class='ocrx_word' id='word_1_533' title='bbox 1139 3357 1268 3398; x_wconf 70' lang='lat' dir='ltr'>binas.</span> 
     </span>
    </p>

    <p class='ocr_par' dir='ltr' id='par_1_10' title="bbox 1138 3417 2024 3533">
     <span class='ocr_line' id='line_1_103' title="bbox 1195 3417 2024 3471; baseline 0.001 -12"><span class='ocrx_word' id='word_1_534' title='bbox 1195 3419 1283 3459; x_wconf 76' lang='lat' dir='ltr'>Nos</span> <span class='ocrx_word' id='word_1_535' title='bbox 1298 3419 1342 3459; x_wconf 76' lang='lat' dir='ltr'>in</span> <span class='ocrx_word' id='word_1_536' title='bbox 1363 3418 1576 3459; x_wconf 75' lang='lat' dir='ltr'>Graiorum</span> <span class='ocrx_word' id='word_1_537' title='bbox 1600 3417 1814 3459; x_wconf 69' lang='lat' dir='ltr'>virtutibus</span> <span class='ocrx_word' id='word_1_538' title='bbox 1829 3431 2024 3471; x_wconf 72' lang='lat' dir='ltr'>exponen-</span> 
     </span>
     <span class='ocr_line' id='line_1_104' title="bbox 1138 3480 2023 3533; baseline 0.001 -11"><span class='ocrx_word' id='word_1_539' title='bbox 1138 3480 1218 3533; x_wconf 79' lang='lat' dir='ltr'>dis]</span> <span class='ocrx_word' id='word_1_540' title='bbox 1264 3482 1404 3523; x_wconf 82' lang='lat' dir='ltr'>Notat</span> <span class='ocrx_word' id='word_1_541' title='bbox 1431 3481 1543 3522; x_wconf 81' lang='lat' dir='ltr'>huuc</span> <span class='ocrx_word' id='word_1_542' title='bbox 1575 3480 1714 3523; x_wconf 86' lang='lat' dir='ltr'>locum</span> <span class='ocrx_word' id='word_1_543' title='bbox 1745 3488 1793 3522; x_wconf 89' lang='lat' dir='ltr'>ut</span> <span class='ocrx_word' id='word_1_544' title='bbox 1823 3481 2023 3523; x_wconf 83' lang='lat' dir='ltr'>hexame-</span> 
     </span>
    </p>
   </div>
  </div>
 </body>
</html>
