2326 3860
275 214 385 270 ae2

275 365 406 402 nam
453 348 739 412 habuisse,
795 362 983 401 omnes
1027 348 1235 401 solidas
1285 365 1316 400 e
1365 346 1645 418 Carystio,
1684 351 1780 403 aut
1826 346 2099 410 halensi:

278 431 423 486 Idem
452 446 690 486 xxxvn
715 433 767 485 6.
807 434 914 504 §¹7.

887 229 1051 269 CQRN
1062 229 1188 268 uhu
1215 229 1271 268 N·
1281 229 1490 269 RPOTIS

277 620 366 660 xi.
405 585 611 659 AEms
654 607 856 661 Martis
894 611 980 660 est
1018 609 1079 660 in
1121 610 1272 662 circo
1314 609 1586 662 Flaminio
1626 608 1986 661 architectata
2025 604 2103 659 ab

275 692 631 744 Hermodoro
682 689 1024 745 Salaminios*
1133 692 1394 747 Priscian.
1463 691 1499 745 l.
1552 706 1683 746 vm.
1729 709 1793 762 p.
1834 691 1962 746 792.
2022 689 2101 744 ed.

276 775 488 828 Putsclae.
1958 816 1961 818 ,

347 861 481 914 Non
522 861 767 931 amplius
809 865 894 916 ter
937 864 1126 917 bibere
1175 863 1497 932 Augustum
1528 863 1790 915 solitum⁸
1783 875 1968 931 super
1982 875 2104 916 οω-

273 961 405 997 nam
439 946 498 997 in
543 948 745 1000 castris
788 947 940 1016 apud
985 947 1285 1013 Mutinam,
1336 947 1626 1002 Cornelius
1669 946 1868 1015 Nepos
1914 944 2110 998 traffit.

278 1027 490 1083 Sueten.
519 1028 665 1102 Aug.
700 1050 742 1084 c.
767 1033 857 1085 77.
1435 1072 1438 1077 .

344 1113 415 1167 In
456 1118 704 1169 extrema
746 1117 1051 1170 Britanniae
1089 1120 1246 1185 parte
1281 1116 1574 1181 Memma,¹¹
1612 1133 1778 1186 quam
1812 1114 2107 1170 Cornelius

273 1199 459 1264 etiam,
500 1199 800 1254 Annalium
824 1199 1099 1271 scriptor,i
1120 1206 1307 1256 narrat
1330 1201 1580 1256 metallis
1611 1201 1869 1270 plurimis
1913 1196 2104 1267 copio-

272 1298 410 1347 sam,
448 1284 639 1338 herbis
682 1285 1040 1355 frequentem,
1080 1291 1134 1339 et
1171 1288 1259 1340 his
1295 1286 1619 1341 feraciorem
1661 1286 1935 1349 omnibuS,
1972 1282 2106 1352 quia

271 1384 482 1434 pecora
526 1371 720 1439 magiS,
773 1388 941 1440 quam
990 1373 1257 1438 homines,
1309 1373 1438 1425 alat.
1513 1372 1657 1426 Labi
1689 1387 1818 1426 vero
1841 1386 1943 1439 per
1979 1382 2103 1421 eam
2165 1411 2171 1418 ,

271 1454 444 1506 multa
471 1471 640 1524 quam
664 1456 911 1509 maxima
936 1457 1222 1526 relabique
1252 1455 1499 1522 fiumina,
1550 1470 1795 1526 gemmas
1842 1451 2103 1523 margini·

272 1543 473 1607 tasque
499 1540 794 1599 volventia„
870 1538 1162 1603 Jornandes
1187 1540 1249 1594 de
1294 1541 1442 1596 rebus
1485 1539 1738 1607 Gothicis,
1765 1541 1883 1595 ε.«2.

1097 1688 1276 1737 NOTAE

322 1789 339 1808 θ
368 1785 407 1823 Ε
436 1785 637 1838 Carystio,
660 1790 731 1827 aut
756 1786 951 1839 Lunensi]
980 1786 1092 1829 Quia
1108 1787 1153 1827 in

270 1851 451 1899 Carysto
469 1848 620 1889 insulae
640 1849 813 1891 Euboeae
839 1850 1034 1901 civitate,
1053 1863 1152 1890 auc-

269 1919 363 1951 tore
381 1911 599 1953 Strabone
612 1912 689 1952 lib.
708 1923 741 1953 1.
769 1912 1064 1967 Carystiarum
1082 1925 1152 1953 co-

267 1977 507 2016 lumnatum
535 1976 688 2016 incisio
706 1982 826 2017 erat:
855 1977 1001 2030 ibique
1018 1977 1157 2030 Apol-.

266 2038 362 2077 linis
398 2039 635 2080 Marmorei
673 2041 895 2091 templum.
964 2039 1153 2096 Carystii

265 2103 487 2143 marmoris
507 2103 700 2144 meminit
713 2105 827 2146 Plin.
844 2104 920 2144 lib.
938 2115 1002 2145 ιν.
1022 2108 1088 2144 12.
1108 2108 1154 2144 et

266 2168 339 2208 lib.
359 2180 521 2209 xxxvt.
543 2173 583 2210 6.
639 2170 752 2209 Item
786 2171 984 2210 Lucanus
1013 2170 1089 2210 lib.
1114 2181 1155 2210 v.

266 2231 321 2270 de
342 2231 480 2271 insula
499 2231 665 2272 Euboea
683 2233 861 2285 loquens
878 2245 888 2271 :
919 2233 931 2255 ‘
950 2233 1048 2274 Qua
1065 2244 1153 2273 ma-

266 2295 325 2334 ris
346 2300 547 2347 angustas
567 2295 713 2336 fauces
735 2307 886 2336 saxosa
917 2296 1151 2349 Carystos?

265 2358 360 2399 Sita
390 2363 459 2399 est
492 2359 547 2399 ad
579 2360 766 2412 Pelagus
804 2361 1038 2414 Myrtoum,
1074 2362 1150 2402 sub

266 2419 391 2462 Ocha
418 2428 577 2463 moute.
634 2422 685 2462 In
717 2422 814 2474 hac,
846 2424 882 2463 si
903 2437 987 2477 qua
1004 2424 1152 2466 Solino

262 2482 374 2525 fides
412 2490 494 2538 est,
540 2486 640 2526 olim
685 2487 861 2541 Titanes
907 2499 1152 2540 regnavere.

265 2550 389 2589 Luna
414 2562 518 2590 vero
538 2550 758 2591 Hetruriae
777 2551 983 2604 oppidum
1004 2558 1073 2592 est
1099 2551 1154 2592 ad

263 2623 383 2651 mare
426 2612 573 2663 situm,
610 2611 939 2655 foecundissimis
981 2614 1154 2656 candidi

263 2676 486 2716 marmoris
505 2674 662 2716 fodinis
682 2676 966 2719 nobilitatum.

317 2737 332 2764 f
369 2739 644 2780 Architectata
681 2740 729 2780 ab
763 2740 1008 2782 Hermodoro
1037 2741 1151 2782 Sala-

262 2800 404 2853 minio]
454 2802 712 2844 Hermodori
751 2802 992 2846 Architecti
1038 2804 1151 2846 cele-

263 2863 436 2907 berrimi
459 2866 652 2908 meminit
666 2866 891 2909 Vitruvius
912 2868 1153 2911 Architect-

261 2927 337 2970 lib.
359 2940 431 2970 111.
453 2932 492 2970 1.

316 3000 338 3029 Ε
368 2995 458 3034 Non
480 2995 647 3046 amplius
678 2998 742 3035 ter
770 2994 897 3035 bibere
929 2996 1150 3047 Augustum

261 3055 432 3110 solitum,
448 3057 538 3110 ξω]
565 3057 637 3099 Sic
651 3058 894 3110 Suetonius,
911 3059 1034 3112 cujus
1054 3061 1148 3101 haec

261 3125 361 3162 sunt
395 3121 553 3164 verba:
597 3123 610 3146 ‘
635 3121 735 3176 Non
773 3124 955 3178 amplius
988 3130 1055 3168 ter
1086 3125 1149 3170 bi·

1221 1787 1328 1828 bere
1367 1800 1464 1828 eum
1498 1787 1671 1839 solitum
1701 1797 1830 1839 super
1857 1794 2032 1840 omnum,
2058 1785 2107 1828 in

1222 1851 1374 1891 castris
1393 1851 1507 1903 apud
1527 1850 1758 1902 Mutinam,
1777 1849 1999 1891 Cornelius
2017 1847 2106 1890 Ne·

1206 1926 1297 1968 -pos
1317 1914 1477 1956 tradit!

1273 1977 1295 2008 ¹²
1321 1979 1373 2019 In
1400 1982 1577 2031 extrema
1594 1977 1825 2019 Britannice
1846 1980 1963 2030 parte
1979 1975 2110 2018 Mon·

1220 2054 1300 2093 ma,
1324 2041 1410 2093 θα]
1438 2041 1586 2093 Mona,
1610 2054 1695 2092 non
1714 2041 1999 2092 Memma,vhie
2017 2039 2107 2093 ¹²82

1222 2104 1384 2144 debere
1416 2104 1598 2153 videtur,
1631 2104 1733 2158 quia
1764 2103 1980 2144 invenitur
2016 2101 2108 2156 qui-

1221 2166 1320 2207 dem
1339 2167 1495 2219 passim
1514 2167 1556 2207 in
1577 2166 1826 2207 auctoribus
1841 2166 1974 2206 Mona
1992 2164 2106 2205 insu·

1223 2230 1264 2270 la
1283 2228 1483 2282 Angliam
1511 2231 1627 2270 inter
1654 2235 1700 2270 et
1730 2229 1985 2270 Hiberniam
2008 2229 2107 2276 sita,

1222 2306 1318 2346 quae
1338 2294 1465 2334 hodie
1485 2294 1616 2335 etiam
1647 2295 1746 2334 Mon
1771 2298 1950 2333 vocatur
1970 2292 2024 2332 ab
2035 2292 2108 2332 ‘in-

1222 2357 1326 2397 colis
1358 2357 1594 2409 Britannis,
1626 2359 1701 2410 qui
1729 2357 1919 2409 linguam
1945 2354 2107 2397 avitam

1221 2419 1437 2466 retinent:
1472 2420 1549 2462 sed
1569 2420 1720 2462 nullibi
1739 2421 1915 2462 Memma
1931 2419 2109 2472 legitur,

1220 2483 1301 2525 nisi
1321 2485 1456 2525 solum
1483 2485 1623 2535 hocin
1642 2484 1767 2526 libro.
1803 2483 1934 2529 .Haec
1963 2482 2108 2537 insitii}

1222 2552 1406 2601 angusto
1439 2547 1549 2589 vado
1588 2554 1756 2589 tantum
1803 2559 1828 2588 a
1864 2545 2107 2590 Britannia

1221 2613 1471 2654 continente
1489 2613 1746 2665 sejungitur,
1763 2616 1813 2653 ut
1831 2603 2111 2668 Ptolem'aeun,

1222 2676 1384 2729 Caesar,
1403 2682 1448 2717 et
1468 2676 1632 2718 Plinius
1653 2688 1747 2716 eam
1767 2669 2032 2716 describunt.
2096 2725 2103 2731 ⁶

1271 2738 1283 2766 ¹
1320 2708 1448 2786 Qu'am
1485 2741 1687 2780 Cornelius
1718 2738 1857 2790 etiam,
1880 2737 2107 2810 3Anatilipm!

1216 2804 1399 2859 scriptor,
1424 2803 1511 2857 ξω]
1554 2804 1682 2844 Hunc
1716 2795 1966 2844 Cornelium
1983 2801 2106 2848 Tac}-

1221 2874 1309 2910 tum
1345 2881 1442 2910 cum
1477 2867 1659 2910 Schotto
1697 2874 1742 2908 et
1787 2852 2130 2922 lindenbrogio¹

1219 2932 1433 2984 existimo,
1457 2939 1504 2973 ut
1526 2933 1673 2974 videre
1691 2938 1758 2972 est
1777 2943 1832 2973 ex
1851 2931 1941 2984 ejus
1959 2929 2107 2972 Anna-

1218 2995 1330 3036 libus
1351 2995 1544 3048 pluribus
1574 2996 1617 3037 in
1637 2996 1756 3047 locis,
1784 3008 1834 3037 ac
1863 2993 2106 3048 praesertim

1219 3074 1275 3102 ex
1293 3060 1511 3116 Agricolae
1544 3063 1668 3118 Vita,
1696 3074 1823 3117 quam
1853 3062 1947 3116 ipse
1972 3060 2106 3117 scrip·

1217 3124 1291 3170 sit.
