2326 3860
790 292 829 331 1.
892 288 1275 342 erunma,
1315 286 1448 329 cAr.
1484 277 1540 330 5.

248 398 373 460 μόνιοι
397 407 458 462 δὲ,
480 410 562 451 εἴτε
581 407 654 450 ὑπὸ
681 410 760 450 τοῦ
780 409 875 463 πρὸς
888 407 1130 458 Μεσσηνίους

248 471 439 525 πολέμου,
456 474 535 514 εἴτε
557 473 632 522 τὴν
661 471 908 522 πανσέληνον
933 472 1129 526 μένοντες,

248 537 338 579 οὐδὲ
355 538 466 579 αι’ντοὶ
481 539 640 586 βοηθεῖν
659 535 778 589 εἶχον.
807 538 973 588 Longoz.

304 603 460 642 Proeter
490 601 786 653 Plutoeensium]
825 602 910 642 Vel
933 602 1126 641 Platoeen·

246 678 323 707 ses.
369 665 540 714 ιἈδηλος
566 667 761 717 Scriptor
794 665 906 716 apud
935 665 1127 705 Scholio-

249 742 344 771 rnm
358 729 594 771 Auctorem
614 730 659 770 in
678 728 978 780 Aristophanis
999 728 1127 782 Equi·

248 800 338 835 tes:
371 792 498 844 μόνων
525 791 757 834 Πλαταιέων
783 791 1127 843 συμμαχησάντων

246 856 380 898 αὐτοῖς
424 856 569 908 χιλίοις
600 855 793 909 ἀνδράσιν,
823 858 873 897 ὥς
904 857 1126 908 ἐξισωθῆναι

244 919 320 969 τὴν
348 923 428 961 τῶν
456 921 665 970 Ἀθηναίων
697 920 856 971 δύναμιν
871 922 923 975 τῇ
952 922 1125 973 Περσῶν.

248 984 450 1026 Gebhard.

251 1067 256 1072 -
302 1049 368 1090 Εα
408 1050 514 1090 mille
558 1050 666 1089 misit
713 1048 905 1100 militum]
966 1046 1126 1090 Justin.

196 1126 197 1130 ¹
244 1112 258 1134 ‘
289 1111 604 1153 Platoeensibus
656 1112 930 1152 auxiliaribus
979 1108 1126 1151 mille.’

246 1174 499 1216 Herodotus
519 1188 615 1215 cum
636 1174 844 1215 universis
870 1173 1008 1226 copiis
1035 1174 1127 1226 opi-

244 1239 427 1280 tulatum
445 1238 779 1281 Atheniensibus
814 1238 983 1279 venisse
1004 1237 1126 1282 adse,-

241 1301 302 1343 rit
318 1317 330 1343 ε
359 1303 591 1352 Ἀθηναίοισι
609 1302 652 1343 δὲ
668 1302 941 1355 τεταγμένοισι
960 1302 1002 1342 ἐν
1013 1299 1126 1351 τεμέ-

244 1371 305 1406 νεϊ
318 1365 548 1419 Ἡρακλέος,
582 1368 752 1415 ἐπῆλθον
769 1364 998 1415 βοηθέοντες
1016 1371 1126 1406 Πλα-

243 1428 372 1482 ταιέες
401 1429 601 1481 πανδημεί.
630 1430 811 1471 Lambin.
868 1430 949 1470 Cui
975 1441 1124 1470 conso-

245 1503 365 1545 num,
388 1494 500 1547 quod
521 1495 778 1535 Plutarchus
811 1493 936 1545 dicit,
968 1505 1124 1534 novem

244 1556 379 1598 millia
416 1557 705 1598 Athenienses
741 1557 785 1597 in
823 1557 1125 1597 Marathonem

244 1620 423 1662 misisse.
438 1622 555 1672 Mag.
593 1621 811 1662 Caeterum
829 1619 1123 1673 Thucydides,

244 1683 358 1724 solos
387 1683 676 1728 Athenienses
708 1690 805 1724 cum
849 1683 1127 1723 Lacedaemo·

243 1746 325 1786 niis
344 1758 492 1786 manus
510 1746 774 1787 conseruisse
791 1745 940 1786 refert.
995 1746 1124 1788 Quod

241 1815 394 1851 eontra
412 1809 597 1850 omnium
615 1808 758 1850 fidem.
798 1809 919 1860 Lege
938 1809 1124 1851 Isocrat.

241 1871 366 1915 Orat.
384 1884 448 1914 rx.

297 1936 515 1988 mgrabat
530 1936 736 1988 pugnandi
755 1936 990 1989 eupiditate]
1025 1936 1126 1978 Jus-

241 2000 320 2042 tin.
341 2010 394 2041 11.
422 2002 435 2023 ‘
451 2002 613 2053 Magna
643 2002 687 2041 in
716 2013 901 2053 pugnam
921 2000 1122 2041 euntibus

240 2064 446 2106 alacritas
464 2064 700 2106 animorum
719 2065 818 2117 fuit,
833 2066 1015 2118 adeo,ut
1025 2078 1121 2106 cum

239 2127 362 2168 mille·
387 2126 536 2180 passus
566 2129 681 2169 inter
697 2129 804 2169 duas
825 2130 940 2169 acies
958 2134 1121 2179 essent,

240 2191 379 2233 citato
399 2204 527 2233 cursu
548 2198 649 2232 ante
670 2193 838 2246 jactum
869 2192 1121 2245 sagittarum

241 2256 296 2297 ad
314 2257 479 2298 hostem
500 2257 730 2298 venerint!
775 2257 889 2299 Vide
922 2257 1122 2299 Orosinm

239 2329 294 2360 11.
312 2321 353 2361 9.
408 2319 545 2360 Addit
564 2320 804 2361 Isocrates:
835 2332 995 2372 paucos
1019 2321 1125 2360 mul·

243 2383 300 2423 tis
319 2383 380 2424 sic
401 2383 566 2423 obviam
586 2383 730 2435 ivisse,
759 2384 880 2438 quasi
909 2384 953 2424 in
972 2384 1124 2424 alienis

241 2446 460 2487 animabus
478 2459 559 2487 non
589 2448 632 2487 in
659 2447 746 2487 suis
765 2448 1004 2499 periculum
1032 2446 1125 2488 fac·

240 2510 330 2550 turi
365 2518 526 2551 essent.
602 2511 902 2563 Panegyrico:
943 2509 1123 2559 ἀπήντων

238 2572 314 2621 τὴν
338 2571 484 2614 οἰκείαν
506 2571 665 2624 δύναμιν
684 2573 845 2624 ἔχοντες
873 2573 1003 2625 ὀλίγοι
1029 2573 1126 2627 πρὸς

238 2633 396 2676 πολλὰς
429 2634 627 2688 μυριάδας,
659 2635 790 2688 ὥσπερ
824 2636 866 2676 ἐν
896 2636 1125 2691 ἀλλοτρίαις

234 2699 384 2750 ψυχαῖς
398 2698 614 2749 μέλλοντες
627 2698 898 2742 κινδυνεύσειν.

295 2762 425 2807 Quam
440 2763 619 2816 collega]
648 2764 897 2818 Polyzolus‚
923 2764 1124 2819 Cynaegi·

238 2834 327 2874 rus,
343 2825 430 2866 alii.
456 2825 594 2866 Lamb.

298 2887 496 2940 valuerit]
531 2889 700 2931 Valet-et.
720 2889 827 2931 Co'd.
847 2890 959 2931 Dan.

293 2950 449 2992 Deinde
473 2955 627 3004 postero
660 2952 743 3005 die]
783 2953 1043 2996 Concinnius
1076 2953 1120 2997 in

238 3011 394 3053 Veteri
414 3013 520 3054 Cod.
540 3014 746 3066 Danielis,
766 3015 888 3056 Dein.
932 3016 1119 3059 Quomo-

238 3073 295 3117 do
311 3074 552 3118 Alcibiade.
606 3078 713 3119 Dein
735 3078 885 3120 nebus
903 3079 946 3120 in
965 3082 1117 3123 eodem

236 3138 364 3187 libro,
393 3151 472 3191 pro
497 3140 648 3181 deinde.
703 3141 776 3183 Sic
806 3142 902 3184 exis
928 3149 974 3185 et
1000 3145 1118 3197 proin

237 3200 459 3244 dicebant.
486 3203 598 3243 Vide
620 3205 808 3246 Festum.

291 3266 389 3308 Acie
407 3279 427 3306 e
451 3267 608 3318 regione
632 3268 846 3322 instructa]
888 3269 1116 3313 Quomodo

232 3328 448 3373 instructa
464 3329 564 3382 fuit,
595 3337 741 3372 narrat
771 3331 1023 3374 Herodotus
1048 3344 1115 3374 vr.

237 3393 384 3436 Musa.
439 3393 512 3434 Ita
531 3399 675 3434 autem
693 3394 768 3435 ille
785 3408 796 3435 ε
813 3395 885 3435 Ὦς
899 3393 943 3436 δὲ
961 3395 1001 3436 ἐς
1019 3396 1116 3439 ἐκεῖ·

238 3469 307 3496 νον
333 3458 532 3509 περιῆλθε,
561 3456 726 3498 ἐνθαῦτα
743 3456 791 3506 δὴ
809 3455 1024 3499 ἐτάσσοντο
1042 3457 1116 3501 ὦδε

238 3517 432 3568 Ἀθηναῖοι
444 3520 492 3562 ὥς
507 3513 810 3570 συμβαλέοντες·
826 3522 898 3562 τοῦ
909 3521 982 3572 μὲν
993 3524 1117 3573 δεξιοῦ

233 3581 363 3636 κέρεος
376 3583 520 3637 ἡγέετο
533 3586 555 3627 ό
572 3583 825 3639 πολέμαρχος
840 3585 1113 3639 Καλλίμαχος·

1967 281 2083 334 4’”2ῑ

1190 408 1212 446 ὁ
1229 405 1308 460 γὰρ
1325 405 1438 458 νόμος
1454 404 1549 446 τότε
1563 403 1648 458 εἶχε
1667 406 1767 448 οὕτω
1780 408 1882 448 τοῖσι
1902 407 2086 459 Ἀθηναίο.

1189 484 1279 520 οισι,
1289 469 1360 511 τὸν
1367 468 1621 523 πολέμαρχον
1635 469 1744 523 ἔχειν
1754 470 1868 524 κέρας
1879 471 1928 513 τδ
1938 473 2074 526 δεξιόν.

1188 533 1404 587 ἡγεομένου
1421 534 1463 575 δὲ
1477 534 1636 587 τούτου,
1667 535 1885 588 ἐξεδέκοντο
1903 538 1953 579 ὦς
1970 539 2075 593 ἀριθ-

1188 597 1329 650 μέοντο
1348 600 1387 639 αί
1404 598 1540 651 φυλαὶ,
1574 598 1758 652 ἐχόμεναι
1776 600 1978 651 ἀλλήλων.
1990 618 2076 645 σε·

1188 665 1362 704 λευταῖοι
1381 662 1424 703 δὲ
1443 661 1674 717 ἐτάσσοντο,
1695 662 1855 716 ἔχοντες
1873 667 1922 706 τὸ
1943 667 2082 715 effabitur.

1186 742 1262 777 μον
1290 725 1420 780 κέρας,
1450 726 1682 769 Πλαταιέες.
1708 727 1785 768 ἀπὸ
1820 728 1968 780 ταύτης
1995 730 2083 785 γάρ

1187 801 1258 844 σφι
1275 794 1348 841 τῆς
1364 791 1512 844 μάχης,
1529 792 1663 833 θυσίας
1677 793 1888 842 Ἀθηναίων
1907 795 2083 848 ἀναγόν·4

1186 870 1266 896 των
1279 855 1346 896 καὶ
1360 855 1600 908 πανηγύριας
1625 856 1697 897 τὰς
1721 858 1763 897 ἐν
1780 860 1872 912 τῇσι
1887 874 2086 909 πεντετηοι

1176 919 1284 973 ρίσι.
1306 919 1526 973 γινομένας,
1562 919 1799 972 κατεύχεται
1836 924 1858 961 ὁ
1892 922 2009 976 κήρυξ
2050 926 2084 966 6.

1186 987 1399 1037 Ἀθηναῖος,
1427 982 1507 1035 ἅμα
1533 1000 1580 1024 τε
1605 985 1839 1034 Ἀθηναίοισι
1866 986 1998 1038 λέγων
2014 988 2079 1040 γί-

1187 1053 1319 1090 νεσθαι
1347 1049 1479 1101 ἀγαθὰ
1510 1049 1574 1090 καὶ
1607 1052 1861 1093 Πλαταιεῦσι.
1897 1052 1992 1095 τότε
2025 1053 2070 1096 δὲ

1187 1113 1438 1165 τασσομένων
1455 1116 1535 1154 τῶν
1551 1113 1762 1163 Ἀθηναίων
1793 1117 1835 1156 ἐν
1859 1119 1916 1168 τῷ
1935 1123 2068 1172 Μαρα-

1188 1180 1292 1230 θῶνι,
1330 1177 1482 1228 ἐγίνετο
1515 1177 1664 1220 τοιόνδε
1690 1195 1745 1220 τι.
1784 1179 1832 1219 τὸ
1856 1182 2073 1235 στρατόπε-

1187 1242 1256 1282 δον
1286 1239 1528 1292 ἐξισούμενον
1555 1243 1612 1292 τῷ
1640 1245 1798 1294 Μηδικῷ
1823 1244 2074 1298 στρατοπέδῳ

1186 1303 1235 1343 τὸ
1264 1303 1338 1354 μὲν
1367 1305 1487 1344 αὐτοῦ
1516 1303 1637 1355 μέσον
1666 1305 1818 1357 ἐγίνετο
1847 1308 1909 1347 ἐπὶ
1939 1307 2075 1360 τάξιας

1188 1366 1345 1420 ὀλίγας,
1369 1368 1434 1408 καὶ
1463 1367 1591 1422 ταύτῃ
1618 1367 1668 1417 ἣν
1697 1368 1984 1413 ἀσθενέστατον
2024 1372 2074 1413 τὸ

1187 1431 1465 1485 στρατόπεδον.
1498 1431 1546 1471 τὸ
1565 1431 1607 1472 δὲ
1625 1430 1738 1485 κέρας
1757 1432 1939 1487 ἑκάτερον
1956 1433 2071 1488 ἔρῥω-

1186 1511 1234 1536 το
1264 1494 1419 1544 πλήθεΐ.
1492 1495 1604 1535 Vide
1641 1498 1880 1549 sequentia.
1941 1499 2071 1540 Unde

1185 1560 1259 1600 lux
1292 1560 1469 1602 Justino
1504 1558 1726 1600 adfertur:
1770 1573 1980 1612 magnum.»
2006 1562 2069 1602 di-

1188 1622 1372 1664 micandi
1391 1620 1599 1675 impetum
1633 1622 1802 1663 Graecis
1833 1623 2075 1678 incessisse,

1187 1691 1237 1726 ut
1274 1686 1467 1726 unanimi
1484 1686 1631 1727 Marte
1652 1686 1840 1738 impulsi,
1874 1700 2003 1729 cursu
2023 1691 2069 1730 in

1189 1747 1396 1788 barbaros
1416 1761 1495 1801 per
1513 1753 1613 1789 octo
1633 1750 1867 1790 stadiorum
1899 1752 2073 1804 capedi-

1186 1821 1283 1851 nem
1303 1811 1536 1852 irruerent.
1564 1813 1764 1854 Keuchen.

1241 1876 1357 1915 Nova
1375 1874 1485 1926 arte]
1523 1874 1643 1916 Alibi
1662 1883 1790 1917 vocat
1823 1877 2070 1920 ‘consilium

1184 1939 1373 1991 novum,’
1400 1940 1617 1992 singulare
1650 1937 1862 1992 quoddam
1897 1942 1950 1982 ad
1979 1954 2069 1984 rem

1185 2004 1397 2057 agendam
1434 2003 1592 2057 εὕρημα.
1643 2005 1758 2044 Flor.
1792 2016 1853 2045 ιν.
1882 2009 1923 2046 2.
1966 2006 2072 2047 Boe·

1182 2070 1323 2109 clerus.
1393 2068 1534 2108 Locus
1571 2067 1820 2120 impeditus,
1851 2070 1958 2110 mire
1992 2082 2075 2111 va·-

1184 2131 1395 2173 riantibus
1423 2131 1559 2173 libris.
1615 2133 1778 2173 Noster
1811 2138 1857 2173 ct
1887 2133 2068 2175 Savaro-

1183 2197 1279 2246 nis3
1308 2197 1352 2237 in
1379 2200 1494 2249 parte
1523 2196 1669 2236 montis
1686 2208 1846 2237 summu.
1903 2196 2068 2240 Gifanii

1184 2259 1313 2303 scidae
1352 2265 1398 2300 et
1431 2259 1726 2312 Ultrajectina
1771 2260 1922 2312 editio,
1966 2274 2068 2304 aona

1180 2323 1310 2375 partis
1318 2335 1469 2378 summu
1479 2336 1493 2363 .·
1510 2323 1755 2376 placuitque
1769 2323 1973 2377 Scioppio
1988 2326 2066 2367 lib.

1182 2388 1326 2428 Veris.
1364 2399 1417 2429 11.
1440 2391 1506 2427 10.
1545 2387 1750 2440 'equidem
1783 2390 2066 2442 manuscripti

1183 2451 1321 2491 nostri
1367 2451 1597 2491 lectionem
1639 2450 1776 2491 iibens
1811 2454 2067 2506 amplector,

1185 2514 1300 2567 quod
1319 2514 1374 2555 ad
1395 2515 1547 2555 montis
1567 2513 1722 2566 pedem
1742 2514 1896 2556 instrui
1929 2518 2066 2558 aciem

1185 2579 1345 2631 potuit,
1362 2590 1508 2631 pugna
1529 2589 1630 2617 vero
1660 2577 1713 2617 ad
1749 2579 1903 2619 montis
1938 2581 2068 2621 verti·

1184 2653 1277 2682 cem
1297 2642 1524 2694 committi,
1542 2646 1741 2694 urgente,
1771 2648 1818 2682 ut
1837 2641 1901 2695 fit,
1926 2643 2067 2685 hostili

1184 2707 1298 2750 acie.
1324 2707 1524 2748 Schottus.

1237 2770 1409 2811 Arbores
1426 2770 1564 2810 multis
1578 2770 1671 2809 locis
1689 2774 1801 2810 erant
1831 2770 1954 2822 raroe]
1992 2770 2063 2813 Sic

1182 2832 1395 2874 Ovidius:
1424 2832 1437 2855 ‘
1451 2832 1682 2885 Apparent
1699 2832 1879 2875 frutices
1911 2835 1954 2875 in
1971 2848 2063 2877 ver-

1182 2896 1271 2937 tice
1305 2895 1422 2938 rari?
1465 2895 1662 2938 Gebhard.
1734 2897 1950 2939 Caeterum
1980 2899 2063 2941 hoc

1180 2971 1235 3000 ex
1267 2959 1577 3001 consuetudine
1603 2959 1776 3000 militari
1803 2960 2062 3005 institutum.

1180 3022 1318 3064 Quale
1345 3027 1606 3076 strategema
1639 3021 1754 3063 infra
1788 3022 1843 3063 de
1871 3024 2061 3065 Eumene

1177 3086 1394 3138 producit.
1421 3086 1681 3127 Keuchenius.
1716 3085 1887 3126 Mavult
1905 3086 2062 3127 Kirch-

1177 3148 1361 3200 majerns
1375 3138 1526 3189 strata».

1229 3210 1427 3251 Arborum
1442 3210 1593 3263 tractu]
1620 3208 1856 3251 Arboribus
1875 3210 2061 3262 produc-

1178 3271 1249 3323 tis,
1265 3277 1311 3313 et
1329 3273 1457 3324 longo
1475 3272 1624 3312 ordine
1654 3273 1831 3325 positis;
1860 3274 1950 3314 sive
1968 3275 2059 3316 lon-

1177 3347 1232 3389 ga
1251 3335 1449 3377 arborum
1468 3336 1591 3377 serie.
1638 3335 1718 3383 *Sic
1745 3337 1758 3359 ⁴
1777 3342 1941 3378 tractus
1959 3338 2059 3382 oevi’

1177 3399 1295 3452 apud
1328 3400 1504 3441 Lucret.
1522 3410 1555 3441 1.
1583 3399 1766 3442 lambis.
1820 3402 1940 3455 Lege
1957 3415 2056 3456 quae

1174 3463 1292 3508 idem
1323 3464 1379 3505 ad
1408 3464 1523 3505 hunc
1554 3464 1695 3505 locum
1713 3463 1807 3505 fuse
1827 3470 1988 3507 tractat
2012 3467 2055 3508 in

1175 3527 1557 3569 Annotationibus.
1614 3526 1685 3568 An
1721 3527 1896 3570 arbores
1932 3535 2058 3571 erant

1174 3598 1420 3649 prostratae,
1470 3597 1520 3634 ut
1555 3591 1775 3645 ingentem
1823 3593 2070 3638 Persarum.
