2326 3860
706 279 838 319 xvn.
895 279 1260 332 PELopmAs,
1300 279 1437 320 cAP.
1474 267 1529 320 5.
1910 268 2018 321 241

204 398 374 452 andro
398 398 651 454 Pheraeo⁸
688 399 853 453 simul
892 415 1018 452 cum
1049 399 1317 452 Ismenia*
1338 398 1782 467 comprehensnS,
1818 398 1875 451 in
1900 399 2020 452 vin-

204 484 352 537 cula⁵
379 484 662 554 conjectus
687 488 793 537 est.
854 483 1026 536 Hunc
1052 484 1466 551 Epaminondas
1489 483 1848 551 recuperavit,
1871 483 2020 537 bello

202 583 543 636 persequens
584 565 1005 620 Alexandrum.b
1077 568 1215 620 Post
1259 568 1317 620 id
1364 567 1590 631 factum,
1641 582 1923 636 nunquam
1970 568 2020 620 is

202 652 387 704 animo
409 652 624 720 placari
646 652 828 720 potuit
859 652 916 703 in
940 667 1084 715 eum,
1125 668 1161 705 a
1198 666 1311 720 quo
1347 657 1466 704 erat
1487 651 1746 703 violatus·
1821 650 2020 720 Itaque

193 724 481 801 'persuasit
502 734 802 798 Thebanis„
839 739 900 786 ut
923 733 1173 787 subsidio
1193 734 1501 788 Thessaliae
1524 733 2020 804 proficiscerentur,

201 822 568 887 tyrannosque
592 818 714 887 ejus
739 819 1095 886 expellerent.
1171 818 1348 887 Cujus
1371 820 1506 872 belli
1532 835 1661 871 cum
1692 818 1747 870 ei
1783 817 2021 871 summa⁶

200 905 354 954 esset
392 902 542 965 data,
583 918 762 970 eoque
787 918 913 954 cum
936 903 1187 956 exercitu
1208 903 1488 971 »profectus
1512 907 1677 966 esset,
1721 918 1829 954 non
1863 901 2020 955 dubi-

197 985 352 1049 tavit,
414 985 576 1038 simul
625 992 716 1037 ac⁷
766 987 1063 1055 conspexit
1108 986 1340 1049 hostem,
1387 984 1716 1053 confligere.e
1787 985 1857 1038 In
1906 1002 2018 1054 quo

197 1069 398 1138 praelio
423 1067 807 1121 Alexandrum
831 1074 894 1122 ut
918 1070 1317 1134 animadvertit,
1343 1071 1606 1123 incensus
1625 1070 1710 1122 ira
1733 1085 1937 1138 equum
1960 1070 2022 1122 in

197 1168 321 1205 eum
346 1153 668 1216 concitavit,
705 1154 1011 1222 proculque
1039 1152 1349 1221 degressus⁸
1375 1170 1409 1206 a
1435 1153 1572 1216 suis,
1596 1152 1858 1222 conjectu
1881 1154 2020 1206 telo-

196 1253 316 1288 rum
340 1237 630 1290 confossus
655 1236 936 1289 concidit.⁹
1007 1236 1194 1306 Atque
1217 1234 1325 1290 hoc
1352 1237 1594 1290 secunda
1617 1237 1853 1290 victoria
1872 1238 2019 1310 accif

196 1319 278 1374 dit
292 1319 345 1373 :s
378 1336 506 1372 nam
546 1321 668 1388 ,iam
709 1321 988 1374 inclinatae
1025 1325 1175 1373 erant
1213 1324 1563 1390 tyrannorum
1608 1322 1811 1390 copiae.
1889 1321 2018 1386 Quo

196 1400 364 1468 facto,
419 1421 610 1457 omnes
655 1404 962 1457 Thessaliae
1005 1405 1264 1459 civitates
1306 1397 1659 1459 interfectum*
1683 1405 2019 1474 Pelopidam

198 1488 416 1557 coronis
459 1489 662 1541 aureis*
699 1493 754 1541 et
781 1489 993 1542 statuis
1030 1490 1220 1554 aeneis,
1270 1489 1583 1558 liberosque
1630 1489 1751 1559 ejus
1798 1482 2022 1542 m'ulto10

193 1565 331 1638 agro
357 1570 635 1625 donarunt.
1815 1561 1817 1563 ’

427 1688 429 1690 ’
507 1695 535 1731 s
557 1696 678 1749 quue
695 1696 907 1738 inclinante
925 1697 969 1739 in
990 1697 1218 1740 Thessalos
1238 1696 1341 1740 belli
1346 1699 1515 1749 fortuna
1531 1682 1674 1741 evehit.

955 1802 1150 1818 ”nouo
1154 1803 1174 1818 O
1179 1803 1249 1819 060

184 1862 344 1913 factum
379 1877 459 1905 esse
495 1868 726 1905 consuescet.
776 1863 997 1915 Scriptum
1027 1864 1171 1906 fuerat
1199 1866 1302 1918 apud
1338 1877 1414 1905 oes.
1465 1864 1516 1904 In
1538 1865 1624 1905 Ms.
1658 1862 1743 1904 Ax.
1777 1863 1858 1904 Ed.
1893 1863 1923 1906 J
1926 1875 2017 1906 ens-

194 1917 316 1958 Med.
335 1916 439 1970 Arg.
455 1919 588 1969 Long.
609 1918 729 1969 Mag.
749 1917 996 1969 estfactum,
1013 1931 1091 1969 pro
1108 1921 1382 1959 sanctum—4
1409 1917 1605 1958 Similiter
1621 1930 1708 1958 cum
1720 1916 1914 1957 hismenia
1931 1918 2017 1958 Mn.

192 1970 343 2011 Boecl.
362 1971 477 2010 sinml
488 1983 573 2011 cum
589 1970 622 2009 ii
639 1971 726 2011 sine
740 1971 805 2011 tiu
824 1972 910 2011 Μελ
928 1971 1052 2012 Leid.
1072 1975 1113 2011 2.
1142 1970 1289 2025 Atque
1310 1971 1519 2011 Hismenia
1538 1969 1619 2011 Ed.
1634 1971 1756 2012 Jens.
1773 1970 1893 2011 Med.
1909 1970 2018 2023 Arg.

191 2023 257 2063 his
278 2024 417 2064 Mem‘u
433 2025 517 2064 Ms.
539 2022 625 2063 Ax.
647 2024 802 2064 Graece
821 2023 1015 2074 Ἰσμηνίας
1033 2025 1282 2066 dicitur.—5
1309 2025 1448 2064 Vincla
1465 2025 1552 2064 Ms.
1572 2024 1696 2063 Voss.
1725 2026 1764 2063 1.
1793 2023 1876 2065 Ed.
1895 2024 2019 2066 Jens.
2076 2050 2082 2056 ι

194 2077 313 2121 Med.
336 2076 439 2128 Arg.
455 2078 674 2130 Longe-6
692 2077 853 2117 Summa
871 2090 957 2119 cum
978 2079 1015 2118 ei
1041 2078 1121 2117 Ed.
1142 2078 1290 2118 Lamb.
1312 2076 1573 2128 [Wetz.]—⁷
1602 2077 1774 2117 Simulac
1792 2076 1874 2117 Ed.
1893 2077 2018 2119 JenS.

193 2129 314 2171 Med.
336 2129 439 2181 Arg.
468 2131 570 2170 Par.
601 2130 708 2170 Mox
735 2130 971 2182 conflingere
990 2131 1077 2171 Ms.
1107 2130 1230 2171 Leid.
1251 2134 1374 2171 2.-8
1406 2130 1625 2180 Digressus
1654 2130 1739 2170 Ms.
1767 2130 1893 2170 voss.
1915 2133 1954 2171 1.
1973 2134 2016 2171 2.

130 2211 132 2213 »
193 2182 319 2223 Leid.
339 2186 378 2223 1.
399 2186 439 2223 2.
469 2183 548 2224 Ed.
568 2183 688 2225 Jens.
710 2183 829 2224 Med.
852 2183 957 2235 Arg.
973 2183 1074 2224 Par.
1094 2182 1194 2224 Ald.
1214 2184 1351 2236 Long.
1365 2184 1485 2235 Mag.
1507 2184 1656 2235 Steph.
1677 2183 1843 2223 Keuch.
1859 2184 2017 2224 Patav.

191 2242 242 2279 ut
273 2236 448 2277 natam.
479 2248 518 2277 c.
541 2240 606 2276 11.
635 2236 740 2288 [Sed
760 2239 961 2288 degressus
981 2238 1060 2278 Ed.
1089 2238 1236 2277 Lamb.
1266 2237 1369 2276 Bos.
1390 2242 1437 2276 et
1463 2237 1556 2276 rell.
1587 2235 1702 2276 conf.
1728 2236 1950 2276 Plutarch.
1970 2236 2018 2278 in

190 2289 345 2341 Pelop.
377 2302 415 2329 c.
442 2293 508 2329 32.
538 2289 660 2330 δῖαν.
679 2291 919 2331 Tzschuck.
939 2291 1043 2342 &c.]
1083 2291 1189 2331 Mox
1221 2289 1398 2338 confusus
1424 2290 1509 2329 Ms.
1530 2290 1653 2329 Voss.
1674 2292 1798 2329 2.—9
1827 2289 1898 2330 Sic
1925 2288 2014 2330 Ma.

191 2341 304 2383 Dan.
337 2341 418 2382 Ax.
441 2341 565 2382 Leid.
595 2345 635 2382 1.
665 2346 705 2382 2.
733 2345 859 2383 Voss.
889 2347 928 2384 1.
948 2347 988 2383 2.
1021 2343 1122 2396 [Ed.
1141 2343 1244 2383 Bos.
1263 2346 1304 2382 2.
1334 2343 1472 2382 Heus.
1492 2343 1625 2391 {Statu
1645 2347 1684 2383 l.
1701 2346 1742 2382 2.
1761 2346 1802 2382 3.
1831 2348 1876 2382 et
1901 2343 2018 2395 plur.

191 2396 401 2448 recentt.]
431 2394 517 2436 Sed
531 2395 670 2436 cecidit
685 2395 767 2436 Ed.
784 2395 892 2448 Arg.
908 2397 1043 2449 Long.
1060 2398 1180 2448 Mag.
1199 2395 1347 2436 Lamb.
1363 2396 1515 2448 Steph.
1531 2396 1674 2436 Gebh.
1686 2396 1834 2437 Boecl.
1847 2396 2016 2437 Keuch.

192 2448 295 2490 Bos.
317 2452 355 2488 1.
386 2448 535 2489 Patav.
555 2448 696 2499 [Harl.
716 2449 864 2490 Tzscb.
880 2453 917 2489 1.
936 2449 1000 2500 2.]
1027 2450 1183 2490 Statim
1202 2452 1320 2500 atque
1337 2448 1419 2488 hoec
1438 2449 1524 2488 Ms.
1545 2449 1695 2489 Boecl.
1714 2450 1841 2490 Voss.
1858 2452 1900 2490 2.
1928 2448 2016 2490 Ax.

191 2502 309 2542 Dein
332 2501 522 2542 'I'hesalioe
541 2503 628 2542 Mu.
647 2503 775 2542 Voss.
806 2505 956 2542 2,-10
987 2502 1097 2543 Haec
1116 2502 1202 2542 duo
1224 2514 1342 2542 voce.
1361 2502 1665 2542 oeneis....multo
1682 2502 1862 2544 aberant
1879 2514 1904 2542 a
1926 2503 2013 2543 Ms-

191 2553 343 2648 {eccl¹3
361 2556 484 2596 Voss.
503 2557 544 2595 2.
576 2554 659 2597 Ax.
722 2556 829 2597 Mox
846 2557 1086 2599 donaverunt
1119 2555 1200 2598 Ed.
1234 2554 1339 2608 Arg.
1372 2556 1509 2607 Long.
1528 2556 1648 2607 Mag.
1684 2556 1835 2609 steph.
1875 2555 2015 2597 Gebh.

236 2620 316 2648 euc
348 2634 359 2646 .

1012 2711 1052 2752 N
1058 2711 1195 2754 OTAE

190 2802 272 2830 esse
302 2791 534 2841 consuesset]
575 2792 751 2834 Quanta
783 2790 938 2845 ubique
967 2804 1069 2845 gen·
1136 2791 1495 2844 ciis,-Pelopidam
1512 2783 1728 2834 liberaret.
1757 2788 2016 2832 Plutarchus

193 2854 298 2893 tium
325 2853 565 2905 legatorum
588 2854 747 2894 nomini
775 2854 982 2896 habeatur
1000 2867 1071 2895 ve·
1135 2855 1179 2895 in
1201 2855 1425 2905 Pelopida.

192 2914 374 2966 neratio,
390 2915 492 2955 uatis
511 2921 659 2956 notum
678 2921 757 2956 est.
814 2917 942 2958 Unde
974 2918 1070 2958 Sta·
1188 2923 1206 2944 ⁰
1235 2918 1326 2957 Non
1354 2916 1566 2966 dubitavit,
1591 2916 1709 2956 simul
1730 2915 1784 2957 *ac
1813 2916 2017 2973 conspexit

191 2976 278 3017 tius
312 2977 389 3018 lib.
418 2989 471 3016 11.
513 2977 748 3018 ‘Sanctum
792 2981 958 3031 populis
990 2993 1070 3032 per
1134 2981 1298 3031 hostem,
1330 2981 1558 3033 confligere]
1604 2982 1728 3021 Licet
1765 2980 2016 3021 Alexander

180 3039 350 3079 -soecula
387 3050 539 3079 nomen
583 3040 815 3092 Legatum:
878 3043 938 3084 Et
977 3044 1068 3084 Cic.
1132 3044 1312 3084 haberet
1332 3044 1511 3083 militum
1541 3045 1721 3096 amplius
1747 3043 1898 3096 viginti
1924 3042 2016 3084 mil·

190 3101 317 3151 ,Ἴθι-ι’.
338 3113 409 3142 ιιι.
437 3104 448 3124 ‘
473 3103 728 3154 Legatorum
739 3103 811 3155 jus
823 3104 966 3146 divino
992 3106 1069 3146 hu·
1133 3106 1203 3146 lia.
1233 3106 1465 3145 Diodorus.

183 3174 398 3217 maneque
418 3165 619 3205 vallatum
640 3166 866 3216 praesidiol
1186 3167 1207 3195 ‘¹
1239 3169 1403 3208 Coronis
1417 3168 1566 3220 aureis]
1601 3170 1710 3217 Quae
1742 3169 1871 3208 etiam
1901 3179 2014 3209 mor-

244 3231 264 3252 ⁸
289 3225 516 3267 Alexandro
543 3227 724 3279 Pheraeo]
761 3229 930 3280 Pherae,
947 3231 1069 3284 oppi-
1135 3232 1220 3272 tuis
1252 3231 1411 3284 imponi
1441 3232 1654 3281 solebant,
1684 3238 1731 3271 ut
1751 3231 1900 3272 scribit
1919 3230 2014 3274 Cic.

184 3288 562 3339 nluijhessaliae3
591 3291 702 3330 unde
725 3291 942 3332 Phora-us.
1133 3294 1177 3336 in
1196 3295 1390 3335 oratione
1424 3307 1503 3346 pro
1533 3295 1701 3334 Flacco.
1755 3295 1829 3334 Sic
1845 3294 2014 3338 honoris

180 3380 207 3394 .«
243 3350 921 3407 θΒεαορενεεφιεπεΔὶωαηάηιηι]
942 3355 1067 3397 Hunc
1133 3369 1235 3409 ergo
1264 3369 1434 3398 auream
1454 3369 1654 3398 coronam
1671 3356 1870 3410 castricio
1898 3369 2021 3399 more

191 3414 355 3456 exitum
376 3415 535 3455 bellum
554 3417 658 3457 illud
677 3417 838 3469 habuit,
857 3425 905 3459 ut
922 3426 1068 3472 tyran·
1134 3426 1209 3460 tuo
1227 3419 1527 3473 imponendam
1553 3419 1844 3473 Pergamenos
1861 3419 2013 3462 deere-

190 3490 286 3530 nus,
303 3478 543 3531 impetratis
562 3479 739 3531 triginta
758 3480 925 3523 dierum
944 3481 1066 3523 indu-
1131 3481 1260 3523 visse.

301 3544 452 3597 Delph.
467 3549 506 3585 et
529 3545 625 3588 γαν.
642 3547 750 3589 Clas,
1080 3548 1184 3599 Nep.
1861 3547 1903 3590 Q
