2326 3860
290 204 401 260 1420

287 336 410 377 bant.
456 335 638 376 Suidas:
666 333 891 387 Ἀστάνδαι,
916 336 954 376 οἱ
984 337 1029 377 ἐκ
1053 339 1176 378 διαδο-

291 403 370 450 χῆς
406 399 738 452 γραμματοφόροι,
779 400 817 440 οἱ
861 399 903 440 δὲ
949 400 1059 442 αὐτοὶ
1110 401 1175 442 καὶ

283 464 493 516 Ἄγγαροι.
518 462 581 503 τὰ
598 461 641 503 δὲ
662 461 834 513 ὀνόματα
846 462 1032 516 Περσικά.
1058 464 1173 505 Hinc

290 527 495 578 Augurius
512 526 746 579 deducunt,
770 539 864 580 quae
886 532 985 567 sunt
1006 527 1176 579 imposi-

286 596 349 631 1ae
370 602 547 630 onerum
566 591 856 630 vehendorum
881 591 1173 631 necessitates.

282 655 362 696 lta
375 652 545 706 ἄγγαρα,
560 655 796 695 mansiones
807 655 1068 707 singulorum
1084 655 1174 696 die-

289 718 401 758 fllm.
442 718 500 758 Et
517 717 745 769 angariare,
761 718 803 758 vi
818 730 974 770 cogere
992 718 1044 758 ad
1067 730 1174 758 onus

288 783 569 824 subeundum.
626 785 697 824 De
728 781 880 836 quibus
905 795 958 822 ex
979 781 1173 835 professo

281 846 558 887 Boxhornius
608 846 651 886 in
708 846 908 898 Epistola
956 846 1174 897 praemissa

289 911 442 952 Curtio
474 909 837 951 Blanckardiano.
905 909 978 949 De
1012 909 1174 961 triplici

287 974 726 1015 Hemerodromorum
743 985 901 1025 genere
924 971 1023 1012 vide
1042 972 1174 1012 disse-

280 1043 457 1078 -rentem
484 1037 672 1089 Lipsium
699 1038 874 1078 Centur.
895 1048 966 1076 111.
987 1036 1170 1088 Epistol.

287 1104 357 1141 59.
383 1101 586 1142 Kenchen.

278 1196 284 1199 .
343 1164 465 1204 Domi
481 1169 614 1209 antem
643 1164 770 1204 creati
798 1165 926 1204 decem
955 1164 1171 1215 Praetores]

279 1226 409 1267 -Libri
432 1233 627 1268 veteres:
657 1228 778 1268 Domi
793 1233 924 1268 autem
943 1232 1083 1268 creant
1109 1230 1174 1269 de-

286 1303 369 1331 cem
383 1290 584 1331 Proetores
595 1305 610 1339 ;
630 1297 676 1332 et
689 1304 802 1344 mox,
819 1293 861 1332 in
874 1293 931 1332 eis
944 1292 1172 1332 Miltiadem

287 1353 456 1395 Schott.
478 1354 593 1395 Dan.
608 1353 693 1396 alii.
729 1355 878 1395 Decem
899 1355 1171 1406 Imperatores.

284 1416 522 1469 Exemplar
540 1417 864 1469 Longolianum.
894 1418 1169 1460 Herodotus:

285 1479 505 1531 στρατηγοὶ
516 1479 622 1521 δέκα·
637 1483 717 1521 τῶν
732 1482 753 1520 ὁ
766 1479 926 1522 δέκατος
944 1480 993 1530 ἧν
1004 1481 1169 1523 Μιλτιά·

277 1545 370 1591 -δης.
399 1546 549 1598 Negat
568 1547 645 1587 hoc
667 1548 926 1588 Plutarchus
945 1549 987 1587 in
1012 1549 1169 1588 Parall.

286 1613 333 1648 et
353 1614 534 1661 quatuor
557 1615 720 1650 tantum
747 1624 772 1650 a
796 1612 953 1663 populo
979 1612 1171 1653 delectos

289 1682 532 1716 asseverat:
565 1678 688 1718 Δᾶτις
719 1678 741 1716 ὅ
759 1680 919 1730 Περσῶν
957 1677 1010 1719 εἰς
1042 1684 1172 1732 Μαρα-

292 1738 395 1777 θῶνα
407 1738 728 1790 ’παραγενόμενος
741 1741 873 1780 πεδίον
887 1743 959 1790 τῆς
975 1742 1172 1794 Ἀττικῆς,

285 1799 350 1842 καὶ
390 1802 822 1854 στρατοπεδευσάμενος
864 1806 1038 1854 πόλεμον
1086 1809 1171 1848 τοῖς

288 1864 492 1917 ἐγχωρίοις
543 1865 820 1917 κατήγγειλεν.
885 1868 1081 1916 Ἀθηναῖοι
1127 1868 1170 1909 δὲ

286 1929 360 1968 τοῦ
390 1931 629 1982 βαρβαρικοῦ
655 1930 828 1978 πλήθους
854 1930 1170 1984 καταφρονήσαν-

282 2006 351 2032 τες
375 1991 686 2044 ἐννακισχιλίους
714 1994 902 2048 ἔπεμψαν,
922 1995 1170 2047 στρατηγοὺς

281 2054 516 2104 ποιήσαντες
535 2057 779 2112 Κυνέγειρον,
797 2059 1169 2111 Πολύζηλον,Καλ-

280 2117 467 2172 λίμαχον,
485 2121 717 2171 Μιλτιάδην.
773 2124 831 2165 At
863 2137 1009 2165 omnes
1035 2126 1168 2166 histo-

280 2183 376 2233 riae,
399 2191 612 2237 quotquot
645 2199 726 2238 ego
755 2187 962 2227 hactenus
982 2188 1168 2240 inspexi,

281 2244 431 2286 decem
446 2246 768 2289 Atheniensium
785 2251 917 2291 duces
930 2258 1168 2292 numerant.

282 2309 398 2351 Quin
436 2311 565 2351 etiam
595 2313 687 2364 ipse
718 2314 975 2355 Plutarchus
1004 2316 1047 2354 in
1079 2316 1168 2356 vita

280 2371 503 2425 Aristidis,
536 2383 584 2416 ut
629 2377 820 2437 Miltiadi
859 2379 974 2418 Duci
1011 2379 1056 2418 in
1088 2378 1167 2420 hac

271 2448 426 2489 pugna
445 2439 603 2490 primas
623 2438 784 2491 defert,
812 2441 875 2481 ita
905 2440 1084 2482 Aristidi
1104 2455 1167 2483 se-

280 2501 455 2542 cundas.
513 2503 640 2545 Quod
668 2503 782 2544 idem
813 2505 977 2546 adserit
1009 2504 1164 2547 Aristi·

272 2563 358 2605 -des
388 2566 537 2606 rhetor
565 2567 606 2606 in
636 2568 832 2608 Declam.
862 2568 917 2610 de
946 2569 1164 2612 Miltiade.

280 2628 446 2679 Longol.

336 2691 387 2729 In
406 2691 461 2730 eis
481 2692 709 2745 Miltiades]
739 2692 999 2747 Πολέμαρχος
1017 2700 1163 2735 autem

274 2758 374 2798 ‚erat
395 2754 681 2796 Callimachus
697 2757 976 2810 Aphidnaeus.
1023 2758 1163 2798 Hero-

283 2817 374 2857 dot.
394 2830 458 2858 vn.
480 2826 523 2859 et
544 2819 729 2861 Pausan.
751 2833 782 2861 1.
811 2822 1015 2872 Bongars.

331 2880 505 2933 Acieqae
515 2885 806 2936 contenderent]
826 2886 895 2925 Ita
916 2886 1163 2938 Lambinus,

269 2955 338 2990 ,ex
358 2945 517 2986 Graeco
537 2944 797 2999 συμβάλλειν,
816 2948 930 3000 quod
952 2955 1019 2988 est
1046 2949 1161 3001 apud

270 3007 550 3048 Herodotum
573 3010 612 3048 in
635 3011 784 3049 eadem
806 3012 1068 3063 narratione,
1093 3024 1160 3052 re-

278 3072 552 3112 scribendum
574 3076 759 3124 putavit.
816 3075 954 3114 Vetus
986 3076 1158 3128 quidam

268 3136 406 3187 ¹liber,
460 3137 653 3189 aciemque
687 3143 900 3178 cernerent.
952 3139 1159 3178 Hellenis-

279 3212 386 3240 mus.
452 3201 596 3241 Malim
635 3209 792 3254 tamen,
813 3210 859 3242 ut
892 3210 960 3242 est
994 3203 1036 3242 in
1074 3204 1156 3243 M‘s.

273 3263 428 3314 acieque
448 3269 709 3316 decernerent,
738 3266 952 3317 quomodo
973 3268 1081 3307 solet
1100 3268 1157 3307 10-

274 3325 347 3377 qui
369 3327 516 3377 Nepos
537 3327 579 3367 in
603 3329 792 3369 Eumene
820 3336 864 3369 et
897 3329 1158 3371 Hannibale.

266 3387 527 3440 Quanquam
565 3397 610 3430 et
642 3391 759 3432 istud
792 3392 1005 3433 sincerum
1036 3398 1083 3433 et
1101 3394 1157 3434 de

275 3449 434 3500 Graeco
473 3465 733 3507 expressum.
808 3455 977 3498 Dicunt
1028 3456 1159 3510 enim,

672 189 853 259 No'rAE
893 218 1229 262 vAmoRUM
1267 221 1336 261 m
1372 223 1434 262 o.
1472 221 1738 263 NEPOTIS

1237 338 1377 392 κρίνειν
1403 339 1474 381 τὸν
1504 339 1679 392 πόλεμον
1711 341 1776 383 καὶ
1807 341 2026 397 διακρίνειν,
2050 354 2122 397 ve·

1237 409 1364 445 nuste
1384 403 1525 458 κρίνειν
1541 404 1594 445 τὰ
1611 404 1701 454 ὅλα,
1719 406 1834 460 quod
1855 407 1912 448 de
1929 407 1942 429 ‘
1960 416 2123 460 summ

1236 466 1407 519 imperii
1452 467 1679 509 dimicare'
1727 470 1922 522 explicat
1951 473 2122 528 auctor

1237 536 1385 571 noster
1412 530 1456 571 in
1491 531 1750 574 Hannibale.
1803 532 1874 573 Sic
1905 532 2121 575 (αιτιοι-ο

1236 593 1418 634 bellum'
1446 595 1562 646 apud
1592 595 1773 636 Poetam
1803 595 2017 648 Latinum,
2046 607 2121 637 cu·

1229 656 1305 708 jus
1327 658 1519 698 meminit
1536 657 1700 699 Seneca
1717 654 1858 712 Epist.
1876 662 1942 700 58.
1986 662 1999 683 ‘
2017 658 2122 701 Cer-

1236 731 1342 759 nere
1381 719 1540 760 vitam’
1588 721 1632 761 in
1668 721 1862 762 versibus
1891 722 2120 763 Ennianis.

1236 782 1363 824 Quod
1398 783 1628 836 Euripides
1661 784 1706 823 in
1730 784 1890 825 Medea
1910 785 2038 838 dixit,
2068 784 2122 826 ὣς

1233 846 1318 898 τρὶς
1346 846 1396 887 ἂν
1425 847 1514 900 παρ’
1542 846 1689 888 ἀσπίδα
1715 850 1861 896 Στῆναι
1891 847 2037 899 θέλοιμ’
2069 848 2123 893 ἂν

1233 910 1432 960 μᾶλλονῆ
1449 910 1578 952 τέκειν
1592 909 1706 962 ἅπαξ.
1762 914 1820 954 Et
1847 913 1909 953 sie
1923 913 2119 955 absolute

1235 974 1428 1027 κρίνεσθαι
1456 975 1589 1016 etiam
1628 977 1777 1018 Graeci
1815 977 2116 1031 usurpabant.;

1235 1051 1314 1091 pro
1330 1053 1416 1093 quo
1434 1052 1590 1081 cernere
1608 1046 1780 1082 veteres
1801 1041 1946 1082 Latini
1965 1040 2121 1083 eadem

1234 1102 1546 1154 significatione
1566 1109 1611 1144 et
1630 1117 1724 1145 usu.
1756 1104 1960 1147 Kenchen.
2012 1104 2119 1148 Vui-

1235 1171 1378 1216 gatam
1395 1171 1541 1206 tuetur
1553 1166 1770 1207 Gebhard.
1784 1173 1829 1208 et
1849 1168 2118 1221 purissimam

1236 1229 1440 1270 ostendit.
1495 1229 1568 1270 Sic
1600 1235 1647 1270 et
1673 1229 1839 1281 Aldus;
1879 1243 1978 1271 nam
2008 1232 2120 1285 equit

1234 1295 1507 1333 contenderent
1539 1294 1797 1346 Longolins:
1827 1307 1913 1348 qua
1942 1294 2119 1348 repudi·

1233 1361 1305 1396 ata
1323 1357 1496 1408 Magius
1522 1357 1645 1409 oequis
1671 1363 1836 1399 rectum
1863 1363 2004 1411 putat,
2037 1370 2118 1412 pro

1235 1421 1369 1474 aequis
1402 1427 1447 1462 et
1476 1422 1616 1474 planis
1647 1423 1765 1464 locis.
1824 1424 1988 1464 Verum
2019 1435 2118 1465 cras

1235 1497 1332 1525 cum
1363 1486 1560 1526 Varrone
1598 1485 1788 1533 credam,
1824 1487 1952 1528 hodie
1992 1481 2116 1532 nihil.

1231 1549 1395 1590 Savaro
1414 1550 1572 1601 acieque
1590 1551 1839 1590 decernerent
1854 1564 1872 1599 ‚·
1905 1551 2118 1593 membr·-

1234 1625 1300 1653 nae
1321 1618 1483 1653 nostrae
1502 1614 1773 1654 decertarent.-
1808 1626 1936 1666 quam
1966 1614 2118 1657 lectio·

1233 1687 1333 1716 nem
1360 1681 1578 1726 antepono
1606 1675 1795 1727 caeteris,
1827 1687 1912 1716 non
1945 1675 2121 1731 repudi·

1236 1744 1310 1779 ata
1325 1738 1570 1779 Savarouis.
1597 1737 1800 1779 Schottue.

1290 1803 1438 1843 Hostes
1453 1805 1585 1843 eadem
1602 1815 1646 1842 re
1653 1802 1748 1852 fore
1764 1804 1979 1857 tardiores]
1993 1805 2118 1847 Graa-

1234 1866 1274 1906 ci
1295 1867 1558 1919 conjungunt
1577 1864 1758 1919 ὀκνηροὺς
1775 1873 1821 1908 et
1838 1867 2001 1909 δειλούς.
2029 1870 2116 1910 Ρο-

1233 1931 1455 1982 lyaen.111.
1498 1930 1541 1970 in
1574 1931 1782 1983 Iphicrat.
1822 1932 2061 1974 Comment.
2081 1945 2115 1975 1.

1231 1996 1311 2034 τῶν
1341 1995 1590 2046 στρατιωτῶν
1605 2008 1710 2034 τινες
1741 1992 1895 2046 ὄκνηροὶ
1911 1994 1976 2035 καὶ
1994 1994 2117 2036 δειλοὶ

1233 2058 1298 2100 καὶ
1317 2058 1532 2111 ὦχριῶντες
1550 2058 1717 2100 εἵποντο.
1753 2061 1897 2101 Caesar
1916 2060 1971 2102 de
1989 2061 2044 2102 B.
2057 2061 2117 2105 G.

1231 2123 1305 2164 lib.
1327 2135 1375 2164 11.
1397 2127 1464 2164 25.
1492 2121 1617 2163 Infra
1636 2123 1958 2175 Epaminonda:
1985 2127 1998 2150 ‘
2021 2124 2115 2167 Hu-

1222 2186 1295 2238 jus
1331 2199 1433 2226 casu
1473 2187 1738 2239 aliquantum
1773 2187 1982 2229 retardati
2013 2190 2115 2233 sunt

1232 2250 1422 2290 Boeotii:
1499 2250 1628 2291 Hunc
1677 2251 1820 2292 locum
1862 2263 2114 2305 expressum

1231 2324 1406 2353 censeas
1426 2313 1564 2353 verbis
1587 2313 1767 2353 Diodori
1784 2325 1880 2354 xiv.
1904 2312 2114 2358 Biblioth.

1230 2378 1315 2417 τοῖς
1333 2375 1408 2426 μὲν
1425 2375 1531 2418 ἰδίοις
1551 2375 1690 2428 θάρσος
1707 2375 1948 2428 παρέξεσθαι·
1967 2376 2058 2420 τοὺς
2071 2377 2115 2421 δὲ

1230 2439 1439 2490 πολεμίους
1456 2439 1696 2492 δειλοτέρους
1715 2438 1884 2481 ἔσεσθαι.
1915 2440 2116 2483 Gebhard.

1283 2504 1392 2546 CAP.
1413 2510 1453 2546 5.
1482 2506 1574 2545 Hoc
1587 2506 1628 2545 in
1641 2510 1811 2557 tempore
1827 2507 1935 2546 nulla
1950 2502 2114 2560 civitas]

1226 2567 1300 2608 Sic
1331 2567 1542 2608 edendum
1561 2570 1817 2620 curavimus,
1853 2581 1949 2610 cum
1974 2582 2002 2610 a
2020 2570 2112 2612 vul-

1228 2631 1341 2683 gatis
1374 2631 1630 2684 quibusdam
1665 2633 1812 2672 exulet
1845 2633 2111 2686 praepositio.

1230 2696 1467 2748 Monetque
1489 2697 1737 2748 diligentias.
1767 2695 1966 2738 Gifanius
1997 2698 2109 2740 eon-

1225 2759 1384 2799 lectan.
1407 2760 1675 2800 Lucretianis
1697 2773 1738 2811 p.
1757 2764 1853 2802 360.
2061 2801 2068 2808 ,

1282 2822 1405 2862 Nulla
1423 2821 1564 2862 civitas
1583 2823 1734 2863 auxilio
1742 2822 1849 2875 fuit]
1896 2824 1937 2864 N
1941 2836 2007 2865 am
2028 2826 2110 2866 La-

1225 2886 1494 2937 cedaemonii,
1522 2892 1571 2926 ut
1590 2887 1743 2927 scribit
1775 2886 1988 2939 Justinus,
2006 2888 2108 2930 reli-

1225 2949 1350 3001 gione
1385 2956 1567 3002 quatuor
1585 2950 1752 2989 dierum
1779 2950 1973 3002 obligati,
2006 2957 2110 3004 post

1226 3013 1422 3064 praelium
1442 3019 1750 3053 convenerunt.
1806 3013 1964 3054 Strabo
1996 3014 2023 3055 l.
2042 3025 2108 3059 lx.

1223 3077 1350 3116 aliam
1386 3077 1653 3116 occasionem
1691 3088 1746 3115 ex
1785 3076 2008 3118 Herodoto
2043 3090 2110 3119 re-

1225 3148 1390 3191 censet,
1425 3141 1614 3193 Μαραθὼν
1650 3139 1747 3181 ὅπου
1785 3138 2002 3189 Μιλτιάδης
2034 3141 2110 3195 τὰς

1222 3204 1323 3254 μετὰ
1338 3199 1481 3245 Δάτιος
1510 3205 1582 3245 τοῦ
1613 3204 1764 3256 Πέρσου
1781 3203 1957 3255 δυνάμεις
1988 3204 2109 3259 ἄρδην

1223 3267 1447 3318 διέφθειρεν,
1492 3269 1537 3308 οὔ
1570 3267 1787 3320 περιμείνας
1832 3266 2107 3320 ὑστερίζοντας

1220 3331 1539 3382 Λακεδαιμονίους
1566 3331 1628 3372 διὰ
1643 3332 1718 3380 τὴν
1732 3329 1990 3380 πανσέληνον.
2043 3332 2106 3374 Α·

1221 3397 1394 3438 ristides
1412 3398 1456 3438 in
1476 3398 1607 3438 citata
1625 3397 1939 3438 declamatione
1971 3398 2106 3450 gemi-

1218 3471 1293 3502 nas
1310 3473 1456 3502 causas
1475 3460 1661 3528 recitare
1687 3460 1856 3502 videtur
1875 3473 1889 3502 a
1919 3463 2108 3527 Ansaq-
