2346 3886
750 266 831 304 nn
870 263 1188 304 connuhio
1225 264 1490 304 ΝΕΡοτΕ.
1957 252 2029 305 49

189 387 403 457 justam
427 385 555 440 oriri
580 384 702 454 jam
729 384 923 438 debere
945 385 1001 437 in
1024 382 1297 447 omnibus,
1335 383 1582 436 ordinem
1607 382 1764 437 illum
1790 385 2028 438 vitarum

196 487 308 523 non
346 486 473 524 esse
514 468 826 539 profectum
869 485 906 521 a
936 467 1177 536 Nepote,
1203 468 1306 521 sed
1329 468 1449 537 ejus
1486 468 1821 522 ordinationi
1846 469 2032 523 aliena

195 571 363 615 manu
404 555 516 608 vim
555 567 682 607 esse
732 553 1055 616 adhibitam,
1101 553 1587 620 turbationemque
1630 553 1798 606 totius
1846 554 2029 623 operis

193 639 415 694 factam.
490 638 560 691 Id
583 653 776 691 revera
796 637 878 689 ita
900 651 1042 700 esse,
1064 636 1211 689 'hinc
1249 652 1566 690 asseverare
1585 636 1709 706 jam
1726 637 1863 691 nihil
1898 655 2030 707 pro-

196 723 346 777 fecto
365 722 576 775 dubito.
650 721 721 774 Si>
745 734 986 791 quaeraS,
1011 720 1238 790 quando
1273 725 1434 774 tanta
1468 723 1704 777 mutatio
1727 723 1882 790 operi
1905 739 2030 776 nos-

196 813 286 861 tro‘
305 806 604 874 acciderit3
636 805 838 870 dicam,
864 805 1016 859 haud
1039 804 1206 858 dubie
1241 806 1299 860 id
1335 806 1586 859 evenisse
1610 822 1734 860 aevo
1765 806 1865 860 illo
1890 806 2030 860 infe·

195 890 310 956 lici,
325 896 382 944 et
403 892 564 957 bonis
589 889 730 947 adeo
754 890 1076 943 auctoribus
1100 890 1473 958 improspere,
1489 889 1642 959 quod
1668 892 2031 945 communiter

194 974 416 1035 medium
440 975 720 1044 appellare
747 973 1001 1043 historici
1041 974 1254 1028 solent:
1310 989 1443 1043 que,
1463 975 1565 1043 ,qui
1602 974 1779 1030 literis
1812 977 1895 1029 ita
1917 992 2030 1029 me·

195 1061 462 1116 diocriter
503 1059 658 1113 tincti
699 1062 909 1123 essent,
946 1058 1098 1128 iique
1132 1067 1268 1113 'sane
1291 1072 1460 1128 quam
1484 1059 1674 1129 pauci,
1711 1060 1788 1113 nil
1830 1066 2031 1128 praeter

195 1143 474 1198 Chronica
499 1147 779 1213 saperent.-
844 1142 908 1196 Si
941 1159 1124 1212 rogeri,
1151 1145 1433 1212 quomodo
1468 1144 1761 1212 acciderit3
1798 1162 2030 1214 respon-

196 1231 376 1295 deam,
422 1230 627 1298 partim
675 1228 1070 1296 chronologiae,
1104 1231 1213 1283 cui
1266 1230 1379 1284 illis
1427 1230 1769 1299 temporibus
1818 1231 2028 1285 addicti

196 1331 388 1372 omnes
425 1321 635 1379 essent,
677 1314 777 1383 qui
813 1313 1055 1398 legerent
1088 1315 1280 1379 libros,
1318 1316 1524 1383 quique
1566 1315 1887 1380 scriberent,
1927 1316 2032 1369 im·

196 1399 476 1456 moderato
518 1415 728 1463 amore,
769 1414 880 1466 quo
913 1413 1014 1462 -;se
1044 1399 1301 1467 quisquis
1343 1399 1440 1452 ille
1478 1404 1615 1462 erat,
1657 1400 1750 1453 cui
1783 1399 2030 1469 Nepotis

197 1484 290 1538 hic
336 1486 475 1537 liber
530 1485 851 1546 obvenerat,
913 1482 1246 1536 laudabilem
1308 1484 1478 1536 etiam
1533 1488 1699 1552 atque
1759 1485 2026 1540 eruditam

196 1584 416 1637 operam
441 1569 501 1620 in
526 1584 587 1620 se
623 1571 1010 1661 suscepturum
1035 1569 1288 1635 putabat,
1314 1569 1364 1622 si
1388 1570 1536 1623 vitas
1559 1569 1631 1621 ad
1657 1563 2029 1639 chronologiae

195 1651 369 1720 legem
394 1650 653 1720 apposite
674 1650 853 1717 magis
873 1650 1221 1719 disponeret3
1259 1653 1458 1719 partim
1475 1653 1763 1707 inscientia
1789 1655 2028 1721 artificii,

198 1752 312 1805 quo
355 1740 546 1789 auctor
583 1735 643 1787 in
690 1751 794 1787 suo
844 1751 1010 1804 opere
1060 1736 1352 1790 condendo
1401 1754 1536 1790 usus
1585 1743 1722 1802 erat,
1766 1739 2030 1809 quodque

196 1820 536 1885 (felicissimo
573 1822 793 1885 eventu)
829 1821 977 1873 nulla
998 1837 1347 1891 quacumque
1384 1822 1766 1876 immutatione
1802 1822 2032 1878 inducta

198 1906 407 1961 aboleri
429 1922 657 1975 prorsus
683 1910 916 1974 poterat.
966 1906 1101 1961 Non
1125 1899 1269 1960 enim
1298 1907 1496 1977 Nepos
1523 1908 1579 1959 in
1599 1907 1686 1961 his
1708 1908 1857 1972 vitis,
1877 1910 2032 1964 arida

195 1990 440 2060 quadam
489 1991 854 2059 posteriorum
906 1990 1325 2046 Chronistarum
1371 1992 1671 2062 diligentia,
1718 1991 1777 2046 id
1824 1998 2030 2061 egerat,

196 2079 260 2128 ut
302 2075 552 2143 cujusvis
586 2076 939 2144 imperatoris
979 2076 1131 2131 facta
1167 2082 1224 2132 et
1260 2094 1443 2131 mores
1482 2095 1518 2132 a
1541 2079 1722 2146 prima
1738 2077 2031 2147 juventute

197 2159 269 2214 ad
309 2161 443 2212 vitoe
486 2159 697 2212 exitum
739 2162 906 2214 anxia
942 2178 1076 2215 cura
1110 2163 1184 2236 ad
1228 2178 1400 2215 annos
1438 2162 1734 2229 digereret3
1773 2162 1870 2214 sed
1895 2162 2031 2215 illud

196 2224 406 2313 potius
421 2257 569 2297 curae
607 2244 866 2310 habebat,
923 2246 1159 2315 deligere
1209 2264 1283 2299 ex
1328 2247 1584 2316 cujusvis
1638 2247 2029 2315 imperatorum

197 2329 336 2390 vita,
362 2345 492 2397 quae
537 2329 606 2381 ad
648 2332 1008 2398 propositum
1054 2348 1219 2385 suum
1253 2331 1576 2400 pertinentia
1610 2331 1850 2382 maxime
1884 2330 2029 2382 arbi-

197 2416 462 2478 traretur3
502 2429 787 2480 segregare
812 2431 939 2467 vero
983 2420 1153 2482 atque
1190 2415 1321 2468 data
1360 2431 1530 2483 opera
1554 2415 1783 2467 transire
1809 2416 2027 2475 cuncta,

201 2512 327 2565 quae
372 2495 443 2548 ad
475 2512 588 2548 rem
619 2497 803 2548 minus
842 2498 1161 2550 necessaria
1204 2497 1531 2551 viderentur.
1605 2496 1672 2549 In
1707 2497 1805 2549 tali
1839 2497 2027 2549 labore

196 2597 306 2633 non
332 2585 553 2649 poterat
577 2582 786 2633 auctori
821 2596 936 2634 non
961 2581 1198 2650 praeberi
1222 2582 1576 2651 quandoque,
1595 2586 1711 2634 tum
1735 2582 1794 2633 in
1814 2581 2029 2634 ordien-

195 2664 307 2738 5¹1⁸»
333 2669 447 2717 tum
490 2665 545 2716 in
586 2664 839 2717 finiendis
871 2666 1149 2717 nonnullis
1185 2665 1334 2729 vitis,
1375 2669 1493 2718 tum
1540 2664 1755 2718 veroin
1780 2664 2029 2732 partibus

184 2739 386 2817 (operis
427 2748 728 2818 majoribus
771 2749 914 2802 inter
953 2765 1013 2802 se
1050 2749 1456 2813 connectendiS,
1490 2749 1890 2818 opportunitas»,
1916 2763 2030 2816 qua

200 2838 414 2900 arrepta
430 2833 662 2886 formam
682 2835 865 2902 operis
885 2835 1424 2903 adornationemque,
1448 2839 1508 2886 ut
1529 2850 1650 2886 eam
1672 2833 1828 2885 initio
1846 2836 2028 2885 mente

200 2918 566 2986 concepisset,
585 2918 806 2972 indiciis
833 2920 1164 2988 quibusdam
1189 2921 1440 2988 aperiret,
1469 2918 2027 2985 consecutionemque

195 3007 471 3054 certarum
490 3003 745 3070 partium,
772 3003 1045 3056 industria
1062 3004 1307 3073 quadam
1345 3004 1440 3055 sic·
1453 3002 1876 3070 compositarum
1900 3003 2027 3068 pro'-

200 3084 367 3138 deret.
442 3085 663 3150 Quibus
703 3088 793 3140 ille
833 3087 1041 3140 ordinis
1083 3093 1421 3156 permutator
1456 3087 1594 3139 nihil
1620 3084 1890 3148 adversis,
1915 3083 2031 3136 dis-

190 3168 326 3238 jecit
367 3170 730 3238 incogitanter
772 3173 1016 3224 membra
1057 3174 1301 3240 corporis
1343 3173 1422 3225 ita
1464 3171 1749 3239 aptissime
1789 3168 1925 3232 ficti,
1966 3172 2031 3221 ut

199 3258 330 3322 post
351 3269 757 3324 quamcumque
779 3256 946 3310 aliam
978 3255 1184 3309 factam
1225 3256 1678 3324 compositionem
1701 3270 1814 3307 non
1838 3255 2031 3322 posset

199 3351 315 3390 non
355 3339 687 3391 monstruosi
729 3339 863 3408 quid
899 3340 1067 3393 exire.
1143 3339 1224 3392 Ut
1262 3340 1433 3393 verbo
1470 3339 1669 3404 dicam,
1704 3338 1821 3401 ista
1856 3341 2028 3391 meta-

308 3435 452 3488 Delph.
467 3439 506 3479 et
530 3435 626 3478 var.
639 3436 748 3478 ehu.
1055 3438 1162 3489 Nep.
1879 3434 1919 3475 D
