2346 3886
851 612 1713 692 CHRONOLOGIA

550 840 998 906 HISTORIAE
1045 845 1132 907 T.
1185 845 1579 909 POMPON
1583 846 1647 907 11
1695 846 2024 909 ATPICI.

421 1323 558 1366 Anno
575 1325 707 1367 Urbis
725 1329 820 1367 644.
846 1326 1034 1368 triennio
1052 1331 1153 1368 ante
1180 1328 1244 1370 M.
1264 1328 1453 1369 Tullium
1487 1327 1756 1381 Ciceronem,
1791 1330 1848 1372 Q.
1868 1332 1984 1372 Caec.
2016 1331 2199 1374 Metello

367 1391 599 1434 Numidico
618 1399 665 1434 et
685 1394 750 1434 M.
765 1394 897 1436 Junio
916 1395 1032 1448 Sylla
1050 1395 1172 1436 Coss.
1189 1394 1275 1436 Tit.
1294 1394 1560 1448 Pomponius
1580 1393 1754 1436 Atticus
1773 1397 1979 1439 nascitur.
1998 1408 2093 1450 cap.
2114 1402 2152 1440 1.

419 1457 546 1500 Anno
573 1459 705 1500 Urbis
723 1463 817 1502 666.
845 1460 1067 1502 Ciceronis
1095 1464 1164 1502 20.
1196 1461 1276 1503 Cn.
1311 1460 1497 1503 Octavio
1527 1466 1574 1503 et
1603 1463 1654 1503 L.
1684 1463 1883 1505 Cornelio
1910 1464 2049 1505 Cinna
2079 1464 2197 1506 Coss.

366 1524 557 1566 Athenas
577 1538 623 1567 se
642 1527 826 1568 contulit
843 1526 1032 1581 Atticus,
1056 1540 1213 1570 annum
1233 1540 1364 1581 agens
1391 1529 1643 1582 vigesimum
1664 1531 1837 1571 tertium
1855 1544 1868 1571 ε
1897 1531 2069 1584 quaudo
2088 1543 2199 1572 anno

365 1593 558 1645 proximo
588 1594 875 1647 praecedente*
899 1595 954 1636 Ρ.
973 1595 1191 1649 Sulpicius
1224 1595 1362 1637 Rufus
1381 1596 1497 1637 Trib.
1530 1597 1588 1649 pl.
1621 1596 1794 1648 aSylla
1824 1596 2081 1640 interfectus
2114 1602 2198 1640 est.

366 1671 464 1713 cap.
481 1663 523 1701 2.
1656 1687 1661 1690 -
1895 1687 1898 1691 ·

418 1724 548 1767 Anno
565 1726 698 1767 Urbis
715 1731 812 1769 674.
841 1727 932 1768 Cic.
952 1731 1019 1769 28.
1056 1728 1109 1770 Ρ.
1127 1727 1310 1768 Servilio
1328 1729 1476 1780 Vatia,
1497 1735 1543 1770 et
1561 1730 1648 1783 Ap.
1669 1731 1849 1773 Claudio
1868 1731 2058 1772 Pulchro
2077 1731 2200 1773 Coss.

365 1790 549 1832 Athenis
579 1793 733 1834 Cicero
759 1794 1014 1846 Epicureos,
1043 1794 1292 1845 Phaedrum,
1311 1799 1357 1835 et
1391 1795 1626 1849 Zenonem,
1654 1796 1906 1850 frequenter
1932 1809 2028 1838 cum
2046 1795 2196 1839 Attico

366 1858 546 1913 audivit,
563 1864 611 1899 ut
628 1859 721 1912 ipse
739 1860 803 1901 ait
819 1859 894 1901 lib.
909 1871 961 1902 11.
987 1860 1043 1901 de
1063 1860 1202 1902 Finib.
1223 1866 1270 1901 et
1285 1862 1458 1902 Tuscul.
1476 1873 1546 1903 111.
1566 1867 1612 1904 et
1629 1861 1764 1906 Acad.
1782 1875 1815 1904 1.

418 1924 547 1966 Auno
565 1925 694 1966 Urbis
722 1930 816 1968 688.
849 1927 1069 1968 Ciceronis
1096 1939 1202 1969 vero
1231 1931 1300 1970 42.
1327 1929 1378 1970 L.
1398 1928 1576 1973 Aurelio
1596 1931 1742 1981 Cotta,
1762 1936 1808 1972 et
1828 1932 1879 1974 L.
1908 1930 2074 1972 Manlio
2092 1931 2198 1971 Tor-

366 1996 496 2043 quato
533 1991 651 2033 Coss.
674 1993 815 2034 aetatis
847 2005 958 2034 anno
984 1997 1052 2035 45.
1071 2006 1168 2037 cum
1195 1994 1289 2047 jam
1322 2007 1456 2037 annos
1484 2000 1551 2039 22.
1572 1997 1752 2039 Athenis
1771 2004 2057 2040 commoratus
2083 2001 2196 2050 crat,

364 2057 544 2099 Romam
562 2058 825 2111 remigravit.
844 2073 943 2112 cap.
963 2065 1002 2102 4.
1517 2103 1520 2106 .

418 2123 545 2165 Anno
575 2126 705 2167 Urbis
723 2130 820 2167 692.
850 2126 1069 2168 Ciceronis
1092 2131 1161 2169 46.
1188 2126 1322 2180 ipsius
1337 2127 1477 2169 Attici
1494 2132 1561 2170 49.
1591 2142 1686 2171 cum
1702 2131 1832 2183 legati
1847 2131 1986 2171 locum
2000 2130 2198 2171 obtinere

365 2196 511 2243 posset
536 2193 650 2245 apud
665 2194 721 2236 Q.
739 2194 989 2235 Ciceronem
1011 2193 1127 2235 Asiae
1147 2199 1395 2247 praetorem,
1415 2196 1607 2237 nolebat.
1662 2198 1758 2240 Quo
1779 2209 1890 2237 anno
1905 2198 2052 2238 Romae
2072 2196 2195 2238 Coss.

364 2263 489 2299 erant
515 2259 578 2300 M.
599 2260 763 2312 Pupius
779 2261 899 2313 Piso,
917 2266 965 2302 et
982 2262 1045 2304 M.
1061 2262 1262 2302 Valerius
1281 2263 1484 2303 Messala.
1518 2275 1614 2316 cap.
1632 2268 1672 2305 6.

418 2323 545 2366 Anno
563 2326 693 2368 Urbis
712 2331 805 2369 697.
834 2327 1055 2368 Ciceronis
1086 2332 1155 2369 51.
1187 2328 1266 2369 Cn.
1288 2329 1488 2369 Cornelio
1515 2331 1714 2380 Lentulo,
1743 2334 1788 2370 et
1818 2331 1867 2370 L.
1898 2329 2067 2371 Marcio
2093 2329 2196 2370 Phi-

362 2390 483 2443 lippo
505 2393 623 2434 Coss.
653 2393 792 2445 pridie
822 2393 926 2435 Idus
958 2392 1069 2435 febr.
1107 2394 1160 2435 T.
1180 2394 1446 2446 Pomponius
1478 2393 1654 2436 Atticus
1687 2395 1843 2436 Piliam
1862 2407 2037 2436 uxorem
2057 2394 2198 2447 duxit,

362 2468 520 2498 annum
548 2471 679 2511 agens
708 2460 853 2501 aetatis
882 2464 949 2502 54.
978 2461 1022 2501 in
1055 2460 1207 2514 quibus
1240 2462 1403 2514 nuptiis
1436 2462 1590 2503 Cicero
1623 2463 1822 2504 coenavit.
1852 2463 1934 2515 Ep.
1971 2466 2009 2504 3.
2044 2462 2122 2503 lib.
2141 2473 2195 2503 11.

364 2523 419 2564 ad
439 2523 635 2567 fratrem.

413 2590 542 2632 Anno
572 2591 704 2633 Urbis
735 2595 830 2634 703.
859 2592 1077 2634 Ciceronis
1095 2598 1161 2636 57.
1190 2593 1331 2636 Attici
1350 2599 1416 2637 60.
1445 2595 1498 2636 L.
1517 2595 1688 2637 AEmilio
1709 2596 1862 2648 Paulo,
1880 2600 1926 2636 et
1947 2597 1995 2637 C.
2014 2595 2194 2640 Claudio

360 2658 572 2700 Marcello
599 2660 723 2701 Coss.
752 2660 1044 2702 Caesarianum
1073 2661 1230 2702 bellum
1258 2661 1437 2702 incidit:
1465 2662 1580 2715 quod
1613 2661 1941 2715 sequentianno
1961 2674 2134 2714 prorsus
2148 2662 2193 2703 in

360 2722 571 2765 flammam
594 2725 714 2766 abiit.
750 2738 849 2779 cap.
868 2730 909 2767 7.

412 2788 543 2831 Anno
561 2791 694 2832 Urbis
722 2795 817 2834 709.
847 2792 1064 2833 Ciceronis
1097 2797 1164 2834 63.
1192 2792 1329 2835 Attici
1361 2797 1427 2835 66.
1467 2794 1515 2835 C.
1544 2794 1633 2835 Jul.
1664 2794 1824 2845 Caesar,
1857 2807 1952 2835 cum
1984 2795 2077 2848 ipse
2107 2807 2193 2836 una

359 2868 458 2897 cum
476 2857 541 2897 M.
560 2856 752 2898 Antonio
766 2859 916 2899 consul
936 2864 1067 2911 esset,
1096 2873 1122 2900 a
1153 2860 1390 2913 conjuratis
1419 2861 1463 2900 in
1495 2861 1693 2912 Pompeii
1713 2861 1832 2902 curia
1848 2865 1915 2902 23.
1935 2862 2073 2914 plagis
2091 2874 2192 2903 con·

357 2921 497 2964 fossus
516 2928 598 2964 est.
652 2924 987 2977 sequentianno
1020 2925 1234 2968 Antonius
1264 2927 1480 2968 Mutinam
1513 2928 1805 2980 circumsedit,
1830 2929 2097 2982 Brutumque
2115 2939 2192 2983 op-

357 2991 565 3043 pugnavit
584 3005 596 3032 :
624 2991 757 3032 hostis
778 2992 931 3044 patriae
943 2992 1182 3044 judicatur.
1237 2993 1324 3035 Sed
1341 3007 1366 3034 a
1386 2993 1552 3047 Lepido
1569 2995 1786 3047 recipitur.
1823 3007 1920 3047 cap.
1936 2999 1975 3036 9.

411 3056 539 3098 Anno
558 3057 691 3099 Urbis
709 3062 803 3099 710.
834 3059 1054 3101 Ciceronis
1072 3063 1141 3102 64.
1198 3060 1390 3114 Atticus,
1418 3067 1546 3102 natus
1566 3073 1697 3102 annos
1716 3065 1783 3103 67.
1800 3067 1982 3102 matrem
2003 3072 2191 3114 nonage-

359 3125 523 3166 nariam
538 3126 712 3167 extulit.
746 3138 844 3180 cap.
865 3130 931 3168 17.

410 3189 538 3233 Anno
554 3193 687 3234 Urbis
704 3197 798 3236 712.
825 3192 966 3235 Attici
982 3197 1048 3235 69.
1076 3195 1140 3251 M,
1154 3195 1314 3236 Brutus
1329 3199 1374 3237 et
1389 3196 1438 3237 C.
1455 3195 1640 3247 Cassius,
1660 3195 1714 3235 ab
1734 3194 1920 3236 Octavio
1939 3199 1985 3235 et
2000 3193 2189 3236 Antonio

355 3257 410 3297 ad
427 3258 649 3311 Philippos
666 3259 789 3311 victi,
807 3260 979 3301 sibimet
996 3260 1102 3313 ipsis
1122 3261 1337 3303 violentas
1357 3274 1504 3302 manus
1524 3262 1774 3303 intulerunt.
1817 3274 1915 3314 cap.
1931 3265 1997 3302 11.

408 3322 535 3366 Anno
555 3325 688 3370 Urbis
717 3329 810 3370 721.
829 3339 925 3369 cum
955 3325 1131 3369 Atticus
1162 3331 1230 3370 77.
1250 3339 1383 3370 annos
1412 3328 1684 3381 complesset,
1716 3327 1901 3369 decessit
1930 3331 1977 3368 et
1992 3326 2184 3380 sepultus

357 3394 443 3432 est.
