2326 3860
281 240 390 295 :376
893 259 1194 298 conmuni
1237 260 1500 301 NEPo'rrs

357 374 569 443 Nepoti
593 380 651 429 et
690 376 919 430 Lutatio
959 375 1196 431 Romam
1224 379 1408 450 placet
1445 380 1723 434 conditam
1752 350 2108 452 Olympiadis

284 461 535 528 septimas
558 477 701 514 anno
725 461 1014 516 secundo.b
1078 461 1248 517 Solia.
1273 461 1466 534 Polyb.
1493 483 1535 517 c.
1558 465 1613 518 1.
1639 464 1716 517 ed.
1747 464 1910 518 Salm.

353 543 768 600 Archilochumc
794 546 990 617 Nepos
1018 546 1310 602 Cornelius
1336 549 1508 603 tradit
1525 550 1967 619 Tullo‚Hostilio
1993 550 2111 606 Ro-

283 645 391 683 mae
429 637 689 721 regnante
718 633 841 703 ,iam
871 638 1010 686 tunc
1045 632 1322 702 poematis
1357 635 1566 689 clarum
1601 640 1656 690 et
1689 636 1950 689 nobilem.
2032 635 2110 693 A.

290 713 429 769 Gen.
460 713 532 771 N.
554 715 626 769 A.
653 715 818 773 eru.
844 719 934 772 21.
958 718 1010 771 8.

359 799 444 854 Μ.
471 800 721 857 Manlius
762 802 981 869 Romae,
1021 805 1119 880 qui
1157 805 1376 859 Gallos⁶
1430 808 1489 858 in
1528 805 1818 877 obsidione
1843 770 2112 876 Capitolii

285 885 620 955 obrepentes
643 905 742 958 per
768 880 939 942 ardua
964 889 1268 959 depulerat,
1293 892 1577 946 convictus
1612 895 1697 944 est
1726 891 2018 944 consilium
2041 891 2112 944 de

283 986 452 1039 regno
493 974 821 1042 occupando
860 974 1088 1028 iniisse:
1165 976 1573 1046 damnatusque
1619 975 1845 1045 capitiS,
1889 992 1922 1028 e
1969 991 2114 1029 saxo

283 1053 544 1125 Tarpeio,
565 1062 630 1111 ut
655 1057 738 1110 Μ.
763 1059 947 1113 Varro
980 1061 1079 1125 ait,
1105 1078 1359 1130 praeceps
1386 1062 1550 1115 datus
1575 1066 1693 1115 est:
1729 1066 1795 1113 ut
1819 1059 2114 1133 Cornelius

284 1149 476 1281 {ptem
522 1127 720 1218 Nepos
759 1148 1030 1217 scriptum
1071 1150 1313 1219 reliquit,
1358 1134 1702 1204 verberando
1742 1153 1976 1203 necatus
2011 1153 2113 1203 est.

347 1229 396 1282 el
457 1230 582 1283 ibid.

357 1314 679 1371 Alexander
706 1317 949 1392 Magnus
1000 1318 1175 1373 Pellae
1219 1319 1430 1384 oritur,e
1457 1323 1518 1372 ut
1559 1318 1761 1388 Nepos
1798 1317 1988 1384 edidit,
2027 1317 2113 1371 M.

288 1399 468 1454 Fabio
494 1402 792 1466 AmbustO,
829 1402 960 1458 Tito
985 1403 1215 1469 Quintio
1262 1403 1581 1473 Capitolino
1619 1402 1781 1457 Coss.
1818 1409 1953 1472 post
1994 1401 2117 1456 Ro·-

1113 1539 1290 1600 Nom:

287 1647 423 1700 major
457 1653 525 1689 est
557 1649 776 1691 discordia
809 1664 860 1692 ea
887 1651 942 1692 de
979 1664 1026 1692 re
1058 1651 1172 1693 inter
1231 1653 1346 1706 Jugo
1366 1654 1506 1704 Luna,
1524 1657 1670 1694 natam
1689 1664 1784 1693 esse
1806 1649 2009 1692 dicebat!

286 1711 519 1764 scriptores
558 1713 760 1755 Graecosx
808 1715 882 1756 alii
919 1715 1032 1756 enim
1070 1716 1172 1757 belli
1237 1713 1239 1715 ’
1288 1723 1306 1744 ⁰
1348 1717 1642 1769 Archilochum]
1687 1717 1760 1757 De
1803 1720 1999 1767 tempore
2034 1726 2119 1767 quo

285 1773 457 1825 Trojani
500 1775 768 1826 temporibus
814 1777 974 1818 vixisse
1022 1779 1167 1820 aiunt:

289 1837 361 1878 alii
389 1849 428 1878 c.
450 1839 572 1878 aunis
598 1838 783 1880 abfuisse
815 1854 841 1881 a
871 1841 1035 1882 Troicis
1068 1848 1169 1883 tem·

287 1900 492 1953 poribus:
541 1902 614 1945 alii
661 1914 701 1944 c.
737 1903 1052 1958 quadraginta:
1100 1906 1174 1946 alii

288 1965 419 2005 etiam
453 1977 494 2007 c.
513 1966 741 2019 sexaginta
769 1973 884 2020 octo,
912 1975 964 2011 ut
982 1970 1175 2012 Herodo-

289 2035 375 2080 tus,
394 2030 468 2082 qui
499 2030 594 2082 ejus
613 2031 746 2084 vitam
773 2032 958 2086 scripsit,
975 2039 1026 2074 ut
1046 2046 1176 2087 supra

290 2092 488 2134 diximus.
543 2094 628 2135 Sed
649 2095 792 2135 malim
825 2108 923 2136 cum
954 2096 1177 2150 scriptori-

290 2157 370 2198 bus
388 2157 553 2198 Latinis
570 2159 691 2212 sequi
710 2158 1024 2212 Apollodorum
1045 2161 1177 2202 Athe-

288 2221 498 2272 niensem,
525 2221 598 2275 qui
626 2233 738 2263 anno
768 2222 1002 2264 centesimo
1021 2224 1177 2278 migra-

292 2284 422 2325 tionis
443 2280 605 2326 Ionicae
624 2284 819 2327 floruisse
854 2287 932 2339 ait,
960 2286 1075 2341 quod
1109 2299 1177 2328 re-

292 2347 401 2388 cidit
419 2348 463 2388 in
481 2360 576 2390 eum
606 2360 763 2388 annum
785 2361 912 2402 quem
933 2350 1176 2391 astruimus.

344 2410 363 2438 θ
393 2411 640 2464 Olympiadis
656 2411 832 2465 septimae
860 2425 962 2453 anno
994 2413 1178 2465 secundo]

290 2475 416 2516 Auno
426 2475 672 2528 primo,non
688 2475 1178 2529 secundo‚Olympiadis

289 2537 485 2591 sep‘timae
503 2539 721 2580 conditam
736 2538 868 2581 fuisse
893 2541 1046 2581 testari
1064 2540 1180 2581 vide·

292 2608 363 2644 tur
381 2603 551 2643 Solinus
569 2616 664 2656 cap.
682 2608 747 2646 11.
766 2604 831 2645 liis
850 2604 992 2645 verbis
1009 2617 1020 2646 ι
1041 2606 1053 2627 ⁴
1065 2605 1179 2648 Qua-

294 2674 474 2722 propter
510 2681 607 2711 cum
644 2670 1002 2722 octingentesimo
1042 2671 1179 2723 primo

294 2745 405 2773 anno
424 2733 554 2773 Urbis
567 2733 756 2774 conditae
772 2733 1067 2775 ducentesima
1083 2746 1180 2786 sep-

297 2795 399 2837 tima
419 2796 645 2848 Olympias
674 2802 967 2849 computetur,
1001 2802 1182 2850 par'est

296 2861 475 2901 Romam
515 2860 712 2912 septimae
750 2860 1037 2914 Olympiadis
1071 2872 1183 2902 auno

294 2923 433 2975 primo
474 2922 592 2963 credi
628 2922 876 2964 conditam:
930 2925 989 2964 Et
1022 2924 1186 2977 Diony-

295 2986 382 3027 sius
402 2985 474 3027 lib.
496 2997 527 3027 1.
544 2985 790 3027 Jornandes
810 2985 1069 3037 simpliciter
1086 2998 1183 3038 sepa

296 3050 446 3091 timam
494 3049 618 3101 dicit,
669 3060 752 3088 non
801 3061 1009 3101 expresso
1055 3062 1183 3091 anno.

294 3113 385 3153 Alii
406 3112 534 3153 aliter
565 3117 758 3153 censent.
814 3111 940 3154 Hauc
966 3114 1184 3155 conditam

296 3177 552 3230 suisse‘ipsis
572 3170 800 3228 Palilibus,
832 3178 875 3218 id
897 3183 982 3229 est,
998 3190 1064 3221 11.
1084 3180 1183 3228 Kal.

296 3241 423 3292 Maii,
449 3242 549 3282 Sole
569 3241 614 3281 in
633 3241 796 3294 Tauro,
829 3242 951 3283 Luna
970 3242 1028 3283 >iu
1048 3243 1184 3284 Libra

296 3304 560 3356 constitutis,
593 3305 766 3357 quidam
786 3305 1020 3358 scriptores
1040 3307 1184 3359 prodi-

299 3366 457 3405 derunt
478 3380 488 3405 :
517 3380 602 3419 quo
619 3380 746 3409 sensu
778 3367 1062 3422 intelligenda
1081 3376 1183 3411 sunt

298 3429 381 3470 ista
399 3428 618 3469 Ciceronis
639 3430 782 3482 verba,
801 3430 855 3471 de
872 3432 1020 3473 Divin.
1041 3433 1112 3473 lib.
1127 3443 1182 3474 n.

298 3496 365 3534 98.
402 3493 414 3514 ‘
430 3492 661 3533 Taruntius
679 3494 871 3546 Romam,
892 3508 986 3537 cum
1004 3501 1118 3538 esset
1137 3497 1181 3537 in

1233 1781 1343 1821 vixit
1362 1780 1644 1822 Archilochus
1661 1780 1895 1832 scriptores
1915 1789 1999 1818 uon
2019 1789 2119 1819 con-

1236 1844 1441 1884 sentiunt.
1497 1844 1653 1884 Cicero
1685 1855 1782 1882 eum
1815 1845 2018 1893 regnante
2037 1841 2121 1881 Ro-

1235 1907 1351 1948 mulo
1370 1906 1527 1947 vixisse
1559 1902 1709 1956 refert,
1746 1904 1791 1944 id
1824 1910 1907 1955 est,
1938 1901 2120 1956 quadra-

1238 1969 1359 2022 ginta
1374 1974 1574 2022 quatuor,
1589 1973 1664 2009 aut
1679 1967 1853 2009 circiter
1871 1978 2001 2007 annos
2020 1970 2121 2006 aute

1237 2036 1404 2084 tempus
1420 2044 1447 2072 a
1461 2033 1634 2083 Nepote
1648 2030 1934 2082 designatum.
1982 2029 2121 2070 Porro

1239 2107 1336 2136 eum
1355 2095 1634 2137 clarissimum
1647 2092 1830 2134 Poe'tam
1846 2091 1979 2133 fuisse
1998 2095 2123 2145 patet

1240 2159 1478 2212 praesertim
1511 2171 1565 2199 ex
1598 2157 1663 2197 his
1692 2155 1916 2198 Paterculi
1948 2153 2091 2195 verbis
2109 2166 2123 2194 ς

1240 2225 1252 2246 ‘
1273 2224 1430 2277 Neque
1449 2233 1695 2277 quenquam
1713 2220 1858 2271 alium,
1886 2216 2005 2271 cujus
2022 2228 2127 2270 ope·

1241 2287 1298 2327 ris
1318 2286 1481 2339 primus
1508 2291 1660 2326 auctor
1691 2283 1841 2336 fuerit,
1872 2282 1915 2323 in
1944 2293 1998 2323 eo
2025 2293 2127 2335 per«>

1240 2349 1540 2401 fectissimum,
1587 2352 1752 2400 praeter
1797 2346 2037 2386 Homerum
2078 2351 2126 2386 et

1242 2412 1559 2464 Archilochum,
1575 2408 1868 2464 reperiemus!

1295 2477 1391 2519 dM.
1413 2477 1592 2518 Manlius
1611 2477 1764 2528 Romae,
1779 2475 1846 2527 qui
1869 2474 2020 2525 Gallos,
2036 2474 2125 2526 qv]

1242 2542 1288 2582 Is
1322 2545 1475 2594 postea
1511 2540 1566 2581 ob
1602 2538 1826 2580 defensum
1861 2537 2126 2589 Capitolium

1243 2604 1515 2657 Capitolinus
1541 2603 1686 2643 dictus
1704 2606 1788 2652 est,
1817 2605 1863 2641 et
1881 2600 2050 2640 domum
2083 2600 2128 2640 in

1244 2667 1462 2720 Capitolio
1483 2665 1654 2718 publice
1671 2665 1859 2716 accepit.
1915 2662 2045 2704 Hunc
2066 2667 2130 2703 ta-

1244 2742 1343 2771 men
1361 2728 1578 2770 affectatae
1593 2726 1831 2780 tyrannidis
1849 2730 2001 2779 postea
2013 2725 2132 2766 dam-

1245 2798 1395 2833 natum
1432 2803 1457 2831 e
1480 2802 1597 2843 rupe
1631 2789 1821 2842 Tarpeia
1857 2788 2130 2843 praecipitem

1247 2855 1476 2907 dederunt,
1493 2853 1643 2895 domus
1661 2852 1820 2904 diruta,
1838 2858 1883 2893 et
1903 2852 2016 2893 bona
2035 2852 2129 2906 ejus

1247 2919 1483 2972 publicata.
1540 2916 1707 2957 Auctor
1731 2915 1787 2956 de
1817 2917 1917 2956 viris
1945 2916 2133 2958 Illustri·

1247 2982 1342 3023 bus.
1399 2981 1529 3022 Hunc
1560 2992 1646 3021 nou
1676 2979 1947 3032 praecipitem
1966 2980 2131 3031 datum,

1248 3046 1340 3087 sed
1355 3044 1604 3087 verberibus
1639 3049 1839 3086 necatum
1872 3043 2031 3089 refert
2042 3044 2135 3086 Nc-

1246 3121 1339 3200 pos.

1299 3172 1559 3214 Alexander
1572 3172 1747 3223 Magnus
1754 3172 1880 3213 Pelloe
1890 3171 2033 3222 mitur,
2041 3172 2110 3222 &c
2109 3170 2130 3223 ]

1246 3237 1370 3278 Pella
1383 3236 1524 3289 Regni
1544 3235 1832 3276 Macedonum
1847 3234 1962 3275 Urbs
1976 3233 2131 3285 prima·

1245 3301 1308 3342 ria
1339 3299 1452 3350 fuit3
1490 3299 1557 3340 ad
1578 3298 1738 3339 flumen
1770 3298 1975 3349 Erigona,
1999 3295 2132 3347 juxta

1242 3362 1590 3404 Thessalonicum
1607 3361 1782 3402 Sinum:
1814 3358 1929 3399 unde
1946 3356 2141 3399 Alexan·-

1241 3428 1323 3468 der
1333 3427 1520 3467 Pellaeus
1535 3424 1707 3465 dicitur.
1720 3421 1964 3465 Juvenalis:
1981 3421 1994 3443 ‘
2010 3422 2132 3463 Unus

1244 3490 1408 3532 Pellaeo
1422 3486 1574 3540 juveni
1594 3497 1679 3527 non
1699 3482 1858 3526 sufficit
1875 3482 2019 3525 orbi5.’
