2346 3886
645 292 711 330 11.
775 288 1271 341 'rusmswocnss‚
1310 289 1449 328 cAP.
1489 264 1580 328 10.
1901 277 2006 330 101

179 407 379 462 Asiam
424 399 620 474 rediit,¹
656 409 1108 480 domiciliumque
1159 407 1466 477 Magnesiae
1513 408 1621 463 sibi
1668 409 2008 463 constituit.¹²²

180 494 442 564 Namque
478 494 624 547 hanc
671 496 864 548 urbem
913 496 964 549 ei
1003 512 1104 548 rex
1155 495 1411 559 donarat,
1448 494 1536 548 his
1586 501 1740 547 usus⁷
1788 492 2006 549 verbis:

178 583 349 648 ‘quae
388 580 441 632 ei
466 595 666 648 panem
690 580 1009 649 praeberet3'
1047 597 1125 633 ex
1185 596 1297 648 qua
1344 582 1562 649 regione
1587 575 2009 649 ‘quinquaginta

179 661 312 732 [ei]⁸
372 664 578 717 talenta
629 667 920 734 quotannis
986 666 1304 719 redibantt'
1337 667 1739 735 Lampsacumn
1806 670 2008 730 autem,

176 747 347 801 unde⁹
388 749 578 801 vinum
619 754 886 803 sumeret:
953 749 1354 820 Myuntem,¹0⁰
1410 767 1482 802 ex
1518 765 1631 818 qua
1668 749 2006 818 opsonium¹¹

174 832 420 886 haberet.
496 833 684 903 Hujus
723 833 796 887 ad
830 840 1077 888 nostram
1114 836 1435 887 memoriam
1473 840 1827 888 monumenta
1859 850 2010 887 man·

177 923 369 971 serunt
393 919 534 971 duo:
573 918 889 986 sepulcrum
925 935 1103 988 prope
1142 920 1454 989 oppidum‚¹'
1490 921 1546 971 in
1568 935 1681 987 quo
1707 922 1794 972 est
1818 919 2007 989 sepul—

173 1008 299 1071 tus;
326 1007 522 1056 statuae
549 1003 608 1055 in
627 1003 795 1056 foro¹²
821 1003 1148 1072 Magnesiae.
1224 1004 1315 1058 De
1342 1003 1502 1075 cujus
1526 1009 1703 1059 morte
1728 1005 2007 1059 multimo-

172 1217 402 1257 Artoxerxe
419 1215 498 1257 Ed.
512 1216 651 1257 Paris.
683 1217 791 1258 Mox
806 1218 1010 1269 Magonem
1027 1219 1112 1260 Ms.
1133 1218 1253 1260 Leid.
1268 1221 1389 1260 2.-7
1423 1218 1530 1259 Dan.
1547 1230 1635 1258 cum
1659 1217 1810 1258 duabus
1834 1218 1927 1258 aliis
1945 1218 2007 1258 his

172 1281 265 1325 usus
280 1270 386 1310 Mas.
405 1270 518 1322 apud
537 1271 671 1323 Long.
689 1272 777 1312 don.
791 1285 877 1312 cum
895 1273 1041 1313 duabus
1052 1273 1158 1322 aliis,
1168 1285 1253 1324 qua·
1268 1285 1411 1325 panem
1425 1273 1616 1324 praeberet
1630 1273 1709 1314 Ed.
1729 1273 1865 1324 Long.
1884 1273 2006 1324 Mag.

174 1323 265 1364 Pro
282 1325 449 1363 donarat
475 1323 557 1363 Ed.
587 1325 737 1365 Lsmb.
766 1327 885 1378 Mag.
914 1327 1079 1367 Kench.
1109 1328 1264 1367 Patav.
1292 1328 1516 1367 donaverat.
1579 1327 1689 1366 Tum
1719 1338 1798 1378 pro
1827 1327 1890 1365 his
1915 1337 2008 1366 usus

173 1377 301 1417 certeis
318 1378 400 1418 Ms.
416 1378 530 1417 Dan.
545 1378 610 1417 his
624 1380 778 1430 quidem
795 1380 895 1431 vbis,
918 1381 1002 1420 Ms.
1021 1381 1142 1420 Leid.
1161 1384 1202 1421 2.
1229 1380 1362 1432 hisque
1380 1380 1524 1430 verbis,
1553 1381 1637 1420 Ms.
1655 1381 1738 1420 Ax.
1766 1380 1828 1419 his
1851 1380 2006 1420 verbis.-

173 1431 330 1471 absunt
349 1431 428 1471 Ed.
448 1432 667 1483 Long.—8
696 1431 791 1484 [Ei]
810 1434 896 1474 Ms.
915 1434 1040 1474 Voss.
1060 1437 1097 1474 l.
1115 1438 1155 1475 2.
1175 1437 1215 1474 3.
1237 1435 1384 1474 Boecl.
1401 1433 1487 1473 Ax.
1509 1433 1591 1474 Ed.
1607 1435 1726 1476 Jens.
1758 1433 1878 1474 Med.
1897 1433 2004 1483 Arg.

171 1484 273 1525 Ald.
304 1484 445 1525 Paris.
474 1485 620 1537 steph.
649 1485 790 1527 Gebh.
810 1487 980 1528 Keuch.
1009 1487 1113 1528 Bos.
1144 1491 1181 1528 1.
1210 1488 1345 1528 Heus.
1373 1487 1591 1540 [Bipont.]
1620 1488 1767 1528 abest:
1799 1488 1940 1540 [uncis
1959 1487 2005 1527 id

171 1538 382 1580 inclusum
402 1543 470 1578 est
488 1539 531 1578 in
549 1538 618 1578 ed.
638 1539 743 1580 Bos.
775 1540 836 1592 2.]
877 1541 983 1581 Erat
1003 1547 1147 1581 mitem
1177 1541 1221 1580 in
1250 1543 1332 1582 Ms.
1354 1543 1464 1582 Dan.
1494 1541 1556 1593 [iu
1569 1554 1667 1582 mea
1682 1543 1832 1582 Lamb.
1854 1541 1942 1593 ed.]
1959 1546 2006 1581 et

167 1592 288 1632 Stsv.
314 1596 353 1632 1.
373 1595 415 1632 2.
432 1592 492 1644 [3.
507 1593 768 1644 reliquisque
789 1594 896 1633 meis
913 1595 1114 1646 recentt.]
1155 1595 1269 1635 Dein
1296 1599 1388 1647 quot
1414 1597 1529 1635 annis
1556 1595 1638 1636 Ed.
1666 1596 1784 1637 Jens.
1813 1595 1933 1636 Med.
1960 1600 2007 1635 et

169 1646 320 1686 redibat
341 1645 426 1686 Ms.
456 1646 576 1687 Leid.
597 1650 718 1687 2.-9
748 1647 818 1687 Sic
838 1648 922 1689 Ms.
941 1649 1055 1690 Dan.
1082 1649 1150 1701 (in
1178 1661 1261 1702 quo
1289 1655 1356 1689 est
1373 1648 1640 1701 Lamecum)
1657 1649 1804 1689 Boecl.
1823 1649 1944 1689 Leid.
1963 1652 2004 1689 2.

169 1700 294 1741 Voss.
312 1703 353 1739 2.
372 1698 458 1739 Ax.
478 1700 598 1751 [Bos.
617 1701 830 1753 2.Wetz.]
850 1701 937 1741 Sed
954 1701 1226 1753 Lampsacum,
1242 1704 1346 1743 unde
1364 1702 1447 1743 Ed.
1464 1702 1585 1744 Jens.
1604 1703 1723 1743 Med.
1743 1701 1852 1755 Arg.
1868 1703 2005 1743 Paris.

169 1752 272 1794 ΑΜ.
293 1754 412 1805 Mag.
430 1752 582 1805 Steph.
598 1754 737 1796 Gebh.
754 1754 904 1795 Boecl.
924 1756 1097 1805 Kench.
1109 1755 1270 1797 Bos.·l.
1286 1757 1405 1797 Stav.
1423 1761 1460 1797 1.
1477 1760 1518 1797 2.
1532 1759 1570 1797 8.
1590 1757 1728 1797 Heus.
1748 1756 2003 1810 [Tzschuck.

171 1811 211 1848 1.
227 1810 268 1848 2.
295 1806 474 1860 Bipont.
498 1807 618 1849 Harl.
636 1807 724 1849 lth.
744 1809 897 1851 Heinr.
911 1804 1082 1862 Brem.]
1105 1810 1363 1862 Lampsacum
1376 1811 1474 1851 item
1497 1811 1580 1850 Ed.
1599 1811 1735 1862 Long.
1756 1811 1874 1850 Loco
1902 1812 2005 1850 unde

167 1869 250 1911 Ed.
285 1869 394 1923 Arg.
426 1865 600 1913 {sm—10
629 1872 700 1913 Ita
736 1873 867 1914 etiam
903 1874 987 1916 Ed.
1015 1874 1118 1916 Ald.
1153 1874 1307 1916 Lamb.
1341 1876 1444 1915 Bos.
1469 1874 1691 1927 ceterique
1726 1873 2004 1914 recentiores.

165 1924 359 1977 [Myunta
377 1930 521 1965 tamen
536 1926 616 1966 Ed.
634 1926 768 1967 Heus.
786 1928 1024 1968 Tzschuck.
1043 1929 1169 1970 Harl.
1198 1929 1319 1970 Stav.
1339 1932 1381 1970 3.
1420 1928 1586 1980 Brem.]
1614 1928 1699 1968 Sed
1717 1929 1903 1980 Myntam
1916 1927 2003 1967 ΜΒ.

167 1978 295 2018 Voss.
316 1982 354 2018 1.
375 1981 415 2019 ³.
456 1979 536 2020 Ed.
554 1980 689 2032 Long.
726 1980 932 2022 Mintham
958 1981 1039 2022 Ed.
1059 1983 1181 2025 Jens.
1214 1982 1337 2029 Med,
1356 1981 1464 2035 Arg.
1494 1982 1637 2023 Paris.
1682 1982 1895 2035 Smyrnam
1916 1981 2002 2020 Ms.

166 2032 314 2073 Boecl.
334 2031 454 2073 Leid.
473 2035 516 2075 2.
547 2033 671 2074 Voss.
691 2036 731 2074 2.
760 2033 843 2075 Ax.
863 2039 903 2075 et
931 2036 1140 2090 Myuntem
1157 2035 1240 2077 Ed.
1256 2036 1518 2088 Steph.-11
1552 2036 1765 2076 Obsom‘um
1783 2034 1863 2075 Ed.
1882 2034 2003 2076 Jens.

165 2085 289 2128 Med.
306 2083 414 2140 Arg.
439 2086 593 2141 Steph.
609 2087 859 2131 Gom—12
887 2088 1052 2132 Sternat
1078 2103 1169 2132 vero
1197 2090 1284 2132 Ms.
1311 2091 1438 2132 Voss.
1465 2093 1506 2132 8.
1548 2094 1596 2130 et
1629 2091 1674 2130 in
1703 2090 1789 2131 Ms.
1808 2089 1934 2129 Voss.
1964 2093 2002 2129 l.

991 2210 1177 2253 NOTAE

227 2314 238 2342 ¹
264 2314 316 2356 In
333 2315 471 2357 Asiam
498 2317 642 2370 rediit]
685 2318 786 2359 Scil.
819 2318 1051 2372 Minorem,

167 2390 260 2432 quae
279 2377 405 2419 hodie
424 2378 627 2420 Anatolio
646 2381 820 2424 dicitur.

216 2446 247 2468 Β·
276 2441 606 2495 Domiciciumque
624 2444 850 2495 Magnesia?
866 2445 943 2486 sibi
959 2459 1050 2487 con·

163 2505 320 2559 stituit]
348 2504 578 2560 Magnesia
598 2508 699 2550 urbs
726 2509 861 2550 Ioniae
881 2510 934 2551 ad
955 2510 1050 2551 Me·

166 2569 350 2610 andrum
379 2581 549 2612 amnem
582 2572 680 2621 sita,
707 2572 835 2626 juxta
862 2581 1051 2615 montem

162 2631 237 2686 qui
257 2631 430 2674 Thorax
450 2633 637 2686 dicitur-3
664 2636 706 2677 in
725 2648 808 2690 quo
823 2647 969 2678 monte
988 2637 1052 2679 di·

162 2700 270 2748 cunt
321 2695 571 2736 crucifixum
622 2696 755 2739 fuisse
810 2694 1048 2752 Dsphitam

150 2752 500 2810 grammaticum,
519 2759 635 2812 quod
651 2760 792 2813 Reges
812 2761 896 2802 suis
915 2761 1048 2803 versi·

162 2819 242 2860 bns
267 2820 514 2873 incesseret,
545 2822 659 2863 unde
689 2829 834 2865 ortum
866 2831 933 2865 est
952 2838 1049 2878 pro·

161 2881 373 2934 verbium,
400 2885 413 2906 ‘
430 2884 548 2924 Cave
568 2897 594 2924 a
610 2885 831 2938 Thorace,'
848 2900 934 2941 quo
965 2889 1048 2929 uti-

160 2955 269 2995 mur,
282 2955 378 2984 cum
396 2946 574 2998 alicujiis
589 2947 750 3000 linguae
763 2951 1044 3001 petulantiam

161 3018 432 3059 compescere
452 3010 657 3051 volumus.
703 3011 775 3052 Its
792 3013 951 3053 Strabo
966 3014 1044 3055 lib.

161 3080 261 3110 xm.
279 3075 326 3110 et
347 3071 450 3110 Pius
469 3070 532 3112 11.
550 3084 734 3113 summus
756 3073 977 3126 Pontifex,
998 3075 1043 3115 in

159 3145 235 3174 sun
267 3132 374 3174 Asin
410 3144 570 3175 Lxxxx.
599 3136 864 3187 Magnesiam
897 3142 1043 3178 autem

157 3195 428 3236 Themistocli
443 3195 606 3236 idcirco
626 3209 652 3236 s
669 3197 899 3238 Persarum
917 3198 1043 3251 Rege

158 3259 301 3301 datam
332 3272 424 3300 esse
454 3259 670 3311 existimo,
689 3272 784 3313 quoe
815 3261 857 3301 ei
886 3273 1041 3313 panem

157 3324 388 3377 praeberet,
415 3324 517 3377 quia
534 3323 636 3365 urbs
664 3324 737 3365 ills
755 3325 798 3364 in
813 3325 905 3365 solo
927 3324 1042 3366 fera-

157 3386 326 3428 cissimo
354 3387 438 3427 sita
467 3392 551 3437 est,
574 3386 776 3430 nimirum
804 3388 849 3428 in
879 3389 1043 3441 campis

157 3447 466 3503 patentissimis
513 3461 592 3502 per
637 3461 743 3503 qnos
791 3450 1043 3493 Moesndrus

158 3511 292 3555 amnis
321 3512 541 3555 multoties
558 3512 603 3554 in
621 3525 667 3556 se
686 3525 929 3570 recurrens,
946 3515 1042 3558 illos

1116 2318 1202 2361 suis
1214 2318 1335 2373 aquis
1349 2317 1501 2359 mitum
1517 2316 1561 2357 in
1575 2315 1749 2358 modum
1763 2314 2000 2357 foecundat.

1169 2388 1191 2409 ¹¹
1217 2380 1493 2435 Lampsacum]
1544 2378 1658 2421 Asiae
1704 2379 1912 2434 oppidum
1959 2380 2002 2419 in

1116 2445 1392 2498 Hellesponti
1410 2445 1558 2485 littore
1585 2444 1748 2484 clarum
1767 2448 1811 2483 et
1830 2442 1972 2484 nobile
1989 2456 2002 2493 ;

1114 2507 1225 2549 hanc
1251 2507 1404 2549 urbem
1438 2520 1464 2548 a
1484 2507 1644 2560 Priapo
1663 2507 1823 2548 Bacchi
1851 2513 1896 2547 et
1917 2508 2002 2547 Ve—

1115 2569 1232 2611 neris
1250 2568 1339 2611 filio
1359 2569 1575 2611 conditam
1608 2570 1774 2624 antiqui
1792 2569 2002 2622 referunt,

1114 2633 1233 2674 inter
1251 2645 1358 2686 quos
1389 2632 1668 2685 Plutarchus,
1697 2632 1740 2673 in
1758 2631 1924 2674 Libello
1945 2632 2000 2673 de

1115 2697 1241 2739 claris
1277 2695 1544 2748 mulieribus,
1585 2702 1631 2738 et
1672 2696 1999 2737 Demosthenes.

1115 2759 1222 2802 Ideo
1241 2765 1387 2801 autem
1406 2759 1451 2800 id
1470 2765 1752 2800 commentum
1770 2758 1902 2800 fnisse
1923 2771 2001 2812 pu-

1116 2829 1179 2876 to,
1202 2824 1316 2878 quod
1337 2824 1424 2864 vini
1444 2831 1489 2863 et
1507 2823 1641 2864 tritici
1663 2835 1827 2864 summa
1851 2823 1911 2864 ibi
1943 2824 2000 2863 sit

1115 2886 1273 2939 copia3
1311 2886 1413 2927 hinc
1460 2885 1738 2927 Themistocli
1771 2885 1815 2925 in
1851 2885 1995 2925 vinum

1114 2949 1232 2990 data.

1163 3017 1184 3038 ⁰
1210 3012 1438 3065 Mytmtem]
1481 3009 1642 3052 Urbem
1689 3010 1744 3052 sd
1781 3011 1826 3050 M
1834 3009 1996 3050 aeandri

1109 3074 1223 3114 ostia
1242 3075 1383 3126 sitam,
1394 3074 1579 3114 omnium
1598 3074 1780 3127 piscium
1794 3074 1995 3114 ubertate

1110 3143 1156 3177 et
1180 3138 1306 3189 copia
1333 3137 1633 3190 praedivitem:
1678 3137 1775 3177 hinc
1805 3136 1999 3176 Themis-

1111 3201 1215 3241 tocli
1252 3201 1295 3240 in
1333 3200 1556 3242 obsonium
1594 3212 1813 3240 concessa.
1882 3200 1996 3242 Vide

1114 3264 1375 3315 Diodorum,
1390 3263 1702 3317 Thucydidem,
1725 3263 1995 3317 Strabonem,

1110 3332 1156 3367 et
1173 3327 1377 3368 Plinium.

1162 3395 1184 3423 Ρ
1212 3390 1342 3442 Prope
1374 3389 1576 3443 oppidum]
1618 3388 1827 3441 Athenas,
1863 3391 1993 3444 juxta

1109 3453 1313 3507 Pyraeum
1330 3458 1515 3507 portum.
1570 3453 1684 3494 Vide
1701 3453 1829 3495 infra.
