2326 3860
716 279 755 317 1.
818 276 1204 327 mmmmm,
1245 278 1379 318 car.
1415 266 1467 319 3.

176 402 224 437 et
258 395 503 449 integritas.
559 396 749 438 Fraudes
779 401 825 437 et
853 396 950 438 aliae
978 394 1065 436 fal·

175 461 293 502 leudi
329 467 447 502 artes
481 460 542 503 ibi
571 460 786 502 exulant?
840 461 1065 502 Ceterum-

174 523 252 566 illa
267 524 445 578 Scythia
462 536 631 578 semper
651 524 870 566 inaccessa
889 527 936 564 et
952 523 1065 564 fata-

175 586 230 627 lis
267 587 461 640 Regibus
496 586 658 628 Persia
705 585 805 636 fuit,
847 586 974 638 adeo,
1010 590 1063 626 ut

176 662 404 704 numquam
421 652 537 693 ultra
553 651 776 693 Iaxartem
804 651 875 692 vel
892 650 1062 692 Tanain

176 711 286 754 fines
303 714 476 766 imperii
494 715 558 755 sui
572 714 847 768 protulerint.
875 713 1008 755 Horu.

235 776 389 817 Bellium
414 776 565 827 inferre
590 777 785 831 decrevit]
827 777 956 821 Quod
991 776 1067 818 de-

179 837 329 880 scribit
365 839 581 882 Herodot.
606 851 672 882 vr.
697 840 858 883 Justiu.
876 851 931 882 ιι.
950 840 1064 882 Oro-

178 901 268 942 sius
283 905 352 944 2⁹.
381 902 558 945 Diodor.
577 900 628 946 ιι.
641 903 875 946 Pausanias
892 915 926 947 ι.
956 905 1066 946 Cau·

180 975 226 1005 sa
260 964 388 1018 hujus
426 965 531 1007 belli
564 979 650 1009 nou
686 967 773 1010 alia
800 967 908 1022 finit,
933 980 1066 1023 quam

178 1028 294 1081 quod
312 1028 492 1083 Jancyri
521 1031 657 1085 Regis
682 1032 942 1086 Scytharum
961 1031 1066 1087 filia,

180 1103 310 1145 qnam
343 1092 616 1136 matrimonio
628 1096 815 1149 jungere
846 1095 1068 1149 cupiebat,

179 1155 264 1197 sibi
306 1164 554 1210 negaretur.
612 1160 748 1212 Loug.
783 1159 905 1212 Mag.
950 1158 1067 1202 Vide

178 1220 447 1264 jornandem
464 1221 520 1262 de
539 1221 669 1264 rebus
685 1222 868 1264 Geticis.

234 1283 526 1334 Pontemfeeit
553 1284 599 1325 in
627 1285 734 1326 Istro
745 1282 937 1338 flumine]
976 1282 1066 1325 Διέ·

181 1352 293 1395 fluere
313 1348 360 1389 ἐς
379 1347 455 1398 τὴν
471 1347 672 1403 Εὒρῶπην,
697 1350 802 1389 τοῖσι
827 1347 943 1389 Ἴωσι
970 1363 1067 1402 παρ·

182 1410 377 1463 αγγείλας
386 1410 524 1453 πλέειν
538 1413 579 1453 ἐς
587 1412 660 1452 τὸν
671 1410 830 1461 πόντον,
840 1411 958 1465 μέχρι
979 1412 1070 1452 '10-

180 1489 281 1528 τρσυ
289 1477 478 1527 ποταμοῦ·
503 1475 622 1516 ἐπεὰν
643 1474 687 1516 δὲ
705 1474 917 1517 ἀπίκωνται
939 1475 981 1516 ἐς
996 1474 1071 1517 τὸν

178 1536 347 1592 Ξστρον,
365 1539 530 1580 Μαῧτα
552 1537 674 1580 αὑτὸν
696 1537 926 1592 περιμένειν,
951 1536 1071 1590 ζευγ-

183 1601 323 1644 νύντας
349 1602 422 1643 τὸν
449 1601 639 1654 ποταμόν.
667 1601 836 1645 Herod.
866 1602 996 1644 Oros.
1015 1613 1068 1644 ιι.

182 1669 226 1708 9.
279 1666 392 1707 Vide
409 1671 456 1707 et
469 1665 752 1708 Jornandem.

240 1729 495 1782 Qaacopim]
541 1729 634 1776 Quo
661 1729 850 1782 scriptus
886 1728 997 1770 liber
1023 1732 1070 1769 et

185 1792 436 1846 Longolius,
478 1792 534 1833 ad
578 1797 761 1846 pontem
813 1789 1069 1833 referentes.

185 1856 379 1899 Seleuciae.
434 1856 562 1900 Quod
593 1867 679 1897 non
697 1854 853 1909 probat
871 1853 1069 1896 Gebhar-

239 1984 353 2024 Iom'a
385 1987 426 2025 et
454 1981 630 2035 AEolide]
673 1977 1071 2035 Hellespontiorum

185 2057 356 2099 quoquc
398 2045 598 2087 meminit
633 2045 847 2087 Herodot.
892 2044 968 2087 lib.
1003 2057 1069 2088 xv.

188 2109 368 2160 Magius.

243 2171 396 2219 Quibus
411 2171 580 2223 singulis
595 2171 771 2225 mun
785 2170 965 2223 urbiam]
989 2172 1069 2214 Le-

187 2234 376 2286 gendum
401 2234 588 2276 fortasse
615 2240 685 2276 est
712 2235 902 2289 ipsorum,
927 2240 977 2277 ut
1007 2236 1072 2277 in·

187 2297 432 2350 telligamus
463 2310 608 2350 regem
639 2299 871 2340 Persarum
896 2299 1074 2352 siugulis

189 2360 460 2413 principibus
480 2361 617 2402 Iouiae
635 2366 684 2402 et
699 2360 881 2404 AEolidis
901 2362 1074 2403 dedisse

186 2425 374 2478 imperia
390 2437 537 2467 earum
554 2425 740 2477 urbium,
763 2425 806 2465 in
827 2424 982 2479 quibus
1008 2426 1074 2479 ip-

188 2488 225 2527 si
262 2488 354 2529 nati
386 2493 526 2530 erant.
581 2488 679 2529 Hoc
708 2487 851 2540 modo,
874 2488 1075 2530 ‘urbium

188 2551 413 2604 ipsorum,'
447 2551 496 2593 id
525 2556 607 2602 est,
635 2550 823 2602 urbium,
846 2550 890 2591 in
921 2550 1074 2604 quibus

188 2613 273 2665 ipsi
306 2613 524 2666 principes
559 2618 687 2654 erant
717 2612 823 2654 nati.
849 2613 1077 2655 Lanibim.

187 2675 276 2723 Sed
312 2675 419 2716 nibil
463 2675 646 2717 fortasse
689 2675 941 2718 mutandum
977 2682 1072 2718 est:

187 2739 199 2761 ‘
219 2738 438 2790 ipsarum,²
472 2739 518 2780 id
538 2744 620 2792 est,
641 2739 804 2781 Ionicae
833 2745 961 2793 atque
979 2741 1076 2782 AEo-

189 2800 288 2842 lidis
301 2801 537 2853 regionum.
565 2802 724 2844 Bae-lin.

244 2862 314 2903 Sic
343 2864 448 2904 enim
477 2865 654 2917 putavit]
687 2865 851 2907 Locum
882 2866 1078 2919 explicat

191 2927 426 2969 Boeclerus
463 2927 508 2968 in
553 2928 668 2969 notis
694 2928 783 2969 suis
827 2929 882 2970 ad
917 2930 1077 2971 Miltia·

190 2990 303 3041 dem,
334 2990 419 3031 hoc
465 3002 621 3032 sensu:
668 2991 828 3032 Darius
873 2990 1078 3034 effectum

193 3058 369 3104 pontem
402 3054 602 3106 receptui
637 3065 715 3095 suo
735 3054 895 3094 servari
915 3055 1079 3108 volens,

192 3114 444 3156 custodibus
459 3126 606 3158 cunm
625 3116 720 3167 eJus
738 3116 920 3157 tradidit
937 3115 1077 3158 loniae

192 3182 237 3217 et
267 3177 446 3219 AEolidis
478 3178 770 3231 Principibus.
830 3180 999 3221 Horum
1031 3179 1079 3220 fi-

194 3240 271 3280 des
291 3240 519 3293 pignorata
539 3247 636 3282 erat
655 3240 872 3293 imperiis:
909 3241 954 3282 in
973 3242 1079 3283 ami-

192 3303 341 3345 citiam
360 3305 520 3358 quippe
541 3310 798 3355 assumptos,
825 3308 875 3344 ut
891 3303 1079 3346 domina-

194 3366 232 3406 ri
265 3368 401 3419 magis
427 3379 552 3420 qnam
578 3366 741 3407 servire
766 3366 844 3407 sibi
882 3366 1079 3408 videren-

194 3435 280 3481 tur,
298 3430 463 3472 urbium
482 3431 740 3483 singularum
758 3429 824 3483 (in
838 3429 933 3471 Ion.
950 3429 1081 3481 AEol.)

198 3499 402 3545 tyrannos
433 3494 568 3537 fecit:
614 3492 690 3536 Διὰ
723 3495 888 3548 Δαρεῖον
913 3491 1079 3537 ἕκαστος

1897 269 2007 321 415

1124 394 1271 438 αὐτέων
1284 396 1507 450 ἐτνράινευε
1533 396 1685 450 πόλιος,
1710 398 1849 452 inquit
1875 398 2014 441 Hero·

1122 458 1214 501 dot.
1233 472 1267 501 1.
1286 465 1328 503 4.
1383 462 1482 503 Hoc
1500 461 1711 514 ejusmodi
1731 467 1843 514 erat,
1866 468 1916 504 ut
1934 475 2014 504 sua

1123 523 1307 577 quisque
1336 529 1560 576 potestate
1579 526 1790 578 contenti,
1809 527 1865 568 de
1882 527 2014 568 liber·-

1125 590 1219 627 tate
1254 588 1528 640 popularium
1555 601 1707 642 parum
1735 595 1881 631 essent
1899 590 2014 631 solli-

1124 651 1220 704 citi,
1239 652 1433 706 adeoque
1459 653 1639 694 Graecos
1658 652 1808 694 Asiam
1826 654 2016 696 incolen-

1124 718 1208 767 tes,
1226 726 1331 768 quos
1358 715 1589 757 Persiacus
1621 716 1862 758 dominatus
1898 729 2016 758 com·

1125 778 1434 832 prebenderat,
1456 779 1512 820 ad
1531 791 1601 820 res
1618 792 1752 822 novas
1773 786 1821 822 et
1837 781 2017 823 liberta-

1126 842 1185 883 tis
1200 842 1475 884 resumendae
1512 844 1702 895 studium
1729 843 1906 885 minime
1931 844 2018 885 eri·

1126 911 1294 958 gerent,
1311 904 1475 958 erigive
1493 910 1766 959 paterentur.
1820 906 2017 960 Singula·

1126 969 1186 1009 ris
1201 968 1318 1010 enim
1348 968 1638 1023 perpetuique
1667 969 1839 1022 imperii
1870 969 2018 1013 dulce·

1128 1032 1228 1074 dine
1262 1033 1427 1086 allecti,
1453 1033 1547 1086 ejus
1586 1039 1812 1074 auctorem
1832 1033 2018 1076 Darium

1126 1097 1243 1138 baud
1280 1096 1411 1139 dubie
1440 1096 1735 1139 credebantur
1768 1096 2016 1138 defensuri:

1127 1160 1371 1214 praesertim
1406 1172 1504 1202 cum
1531 1159 1759 1201 intellectu
1788 1173 1875 1202 non
1903 1164 2020 1202 esset

1129 1222 1322 1275 difficile,
1349 1223 1483 1264 Dario
1520 1222 1717 1276 potentia
1743 1222 1920 1264 demoto
1947 1234 2020 1264 nr-

1128 1287 1224 1340 bes,
1239 1299 1347 1341 quas
1366 1286 1654 1328 obtinuissent
1671 1285 1773 1339 ipsi,
1802 1286 1904 1328 odio
1935 1286 2019 1328 sin-

1130 1349 1289 1401 gularis
1306 1349 1477 1403 imperii
1495 1349 1643 1402 insito,
1664 1350 1854 1402 expulsis
1873 1354 2021 1402 tyran·

1130 1412 1212 1464 nis,
1226 1411 1401 1465 (quibus
1412 1412 1578 1465 duplici
1588 1412 1759 1454 nomine
1776 1414 2024 1466 contigerat

1130 1474 1336 1517 invidiam
1354 1475 1528 1528 mereri,
1543 1480 1590 1516 et
1605 1476 1721 1529 quod
1734 1475 2022 1518 iustrumenta

1130 1538 1320 1580 Persica
1359 1534 1678 1590 dominationis,
1713 1543 1760 1580 et
1789 1538 1904 1591 quod
1943 1538 2022 1579 tali

1105 1602 1364 1655 ¹potestatis
1389 1601 1542 1655 forma,
1575 1601 1620 1642 id
1655 1607 1737 1653 est,
1768 1602 1942 1644 insolita
1969 1613 2022 1644 ao

1132 1664 1358 1717 tyrannica
1374 1665 1440 1705 usi
1458 1662 1624 1717 erant‚)
1658 1665 1884 1717 pristinam
1911 1665 2023 1717 regi-

1132 1727 1258 1768 minis
1295 1727 1568 1781 disciplinam
1601 1733 1865 1769 resumtnras
1898 1739 2022 1770 esse:

1131 1789 1409 1839 βουλήσεσθαι
1431 1789 1511 1843 γὰρ
1557 1788 1730 1839 ἑκάστην
1769 1793 1850 1831 τῶν
1875 1790 2025 1831 πολίων

1133 1851 1463 1906 δημοκρατέεσθαι
1481 1854 1638 1904 μᾶλλον
1664 1852 1690 1902 ἡ
1715 1853 2026 1908 τυραννεύεσθαι,

1132 1917 1268 1958 verba
1284 1923 1385 1958 sunt
1402 1917 1555 1970 Istiaei,
1565 1917 1681 1971 apud
1701 1918 1870 1960 Herod.
1902 1919 2024 1960 Grae-

1133 1991 1297 2031 corum,
1314 1979 1389 2033 qui
1406 1979 1555 2020 Asiam
1575 1979 1824 2022 incolebant
1843 1981 2024 2022 mentio·

1133 2038 1233 2081 nem
1250 2041 1354 2082 facit
1375 2041 1686 2094 Hippocrates,
1704 2042 1817 2083 libro
1836 2042 1892 2084 de
1907 2042 2026 2096 aere,

1134 2105 1273 2159 aquis,
1290 2111 1336 2146 et
1355 2105 1475 2147 locis.
1502 2106 1686 2157 Magius.

1190 2169 1269 2210 Cui
1285 2168 1357 2209 illo
1370 2169 1544 2210 emtodia
1561 2168 1800 2220 crederetur]
1830 2169 2025 2210 Tradere-

1133 2237 1218 2284 tur,
1236 2232 1499 2273 membranas
1516 2232 1752 2274 Mendozii.
1778 2233 1933 2275 Schott.

1189 2297 1302 2337 Male
1325 2308 1410 2336 rem
1429 2296 1588 2350 gerere]
1615 2295 1731 2337 Nam
1762 2295 1925 2336 amissis
1947 2306 2024 2338 xc.

1135 2359 1324 2400 millibus
1359 2358 1570 2400 militibus
1602 2358 1883 2412 ignominiose
1911 2371 1959 2401 se
1979 2359 2025 2400 in

1138 2422 1283 2463 Asiam
1322 2422 1505 2475 recepit.
1533 2422 1697 2475 Longoz.
1748 2423 1886 2465 Juxta
1913 2423 2029 2464 Oro·

1138 2487 1246 2527 sium
1292 2486 1369 2528 lib.
1405 2497 1458 2526 u.
1492 2489 1533 2527 8.
1565 2485 1786 2538 octogiuta
1822 2485 2024 2526 millibus.

1138 2550 1250 2591 Male
1265 2561 1350 2590 rem
1359 2548 1518 2601 gerere]
1535 2548 1607 2589 Sic
1627 2546 1740 2589 iufra
1755 2549 1797 2588 in
1814 2548 2023 2590 Themist.

1139 2613 1194 2653 de
1215 2614 1394 2654 Xerxez
1422 2614 1437 2636 ‘
1456 2612 1541 2653 Hic
1570 2611 1654 2652 etsi
1680 2612 1791 2653 male
1819 2623 1908 2652 rem
1929 2623 2024 2663 ges·

1138 2675 1284 2729 serat}
1320 2687 1401 2729 pro
1433 2675 1602 2719 cladem
1633 2678 1877 2727 acceperat.
1921 2674 2026 2715 Geb-

1138 2740 1252 2781 hurd.

1195 2802 1331 2843 Premi
1344 2815 1370 2843 α
1380 2801 1559 2855 Scythis]
1578 2801 1724 2843 Coesar
1737 2801 1831 2842 Bel.
1844 2801 1935 2844 Civ.
1948 2813 2024 2843 ιιι.

1141 2868 1234 2906 102.
1268 2866 1342 2906 ‘Si
1378 2877 1506 2906 nemo
1536 2863 1787 2917 premeret!
1830 2865 2024 2907 Frontin.

1140 2927 1214 2968 lib.
1249 2939 1302 2968 n.
1329 2932 1372 2969 4.
1403 2931 1443 2969 ³.
1470 2928 1484 2951 ‘
1502 2927 1715 2968 Minutius
1748 2926 1902 2969 Ruffus
1935 2929 2027 2969 Im-

1140 3002 1234 3043 pcr.
1256 3002 1350 3031 cnm
1370 3003 1396 3031 a
1413 2990 1652 3032 Scordiscis
1677 2991 1897 3044 Dacisque
1926 3002 2028 3044 pre·

1140 3053 1361 3094 meretur.’
1415 3055 1497 3094 Est
1517 3053 1692 3094 verbum
1710 3054 1989 3095 Venatorium
2008 3066 2022 3104 ;

1140 3117 1254 3157 nude
1273 3116 1452 3158 Ovidius
1470 3117 1514 3157 in
1534 3117 1745 3157 Pboedra:
1773 3121 1786 3141 ⁸
1800 3117 1853 3157 In
1873 3128 2023 3157 nemus

1140 3179 1203 3220 ire
1237 3180 1360 3231 libet,
1387 3180 1629 3232 pressisque
1666 3179 1708 3219 in
1741 3178 1851 3219 retia
1882 3178 2023 3219 cervis

1140 3242 1320 3283 Hortari
1350 3241 1513 3283 celeres
1543 3252 1621 3293 per
1645 3241 1756 3293 juga
1772 3251 1935 3282 summa
1953 3252 2024 3282 ca-

1140 3304 1247 3346 nes!
1266 3304 1496 3357 Virgilius:
1516 3304 1529 3327 ⁸
1541 3304 1714 3355 Ingenti
1731 3303 1915 3345 clamore
1927 3315 2026 3357 pre·

1140 3377 1231 3407 mes
1251 3366 1304 3407 ad
1325 3366 1435 3407 retia
1452 3365 1654 3407 cervum.’
1682 3365 1806 3408 Idem.

1196 3430 1402 3471 Miltiades
1419 3429 1599 3471 umatus
1612 3433 1670 3470 ese
1679 3430 1811 3482 pontia
1822 3431 2024 3484 custodes]

1141 3493 1295 3536 Paullo
1344 3493 1473 3536 aliter
1517 3504 1608 3535 rem
1643 3498 1793 3536 narrat
1822 3492 2021 3535 Herodo-
