2326 3860
289 206 398 258 404

288 337 428 376 nobilis
446 335 580 387 vidua]
601 334 698 375 Nou
718 345 887 386 possum
909 335 1044 378 citare
1065 335 1172 375 ullos

292 405 505 448 auctores,
523 399 595 451 qui
627 398 680 438 de
714 398 1050 439 Lacedaemoniis
1066 399 1172 439 talia

288 462 486 514 prodant.
555 461 669 501 Nam
703 467 802 513 post
840 461 1170 513 Xenophontem

289 525 547 564 Plutarchus
565 525 609 564 in
629 525 845 564 Laconum
863 524 1086 574 institutis,
1099 536 1171 564 ve-

289 588 372 628 tita
390 588 504 640 apud
534 587 883 628 Lacedaemonios
906 587 1069 639 legibus
1088 588 1173 639 Ly-

291 651 415 702 curgi
447 651 620 691 scenica
650 652 899 703 spectacula
928 651 991 691 his
1028 651 1170 693 verbis

289 713 468 754 scribit:
521 711 716 764 κωμῳδίας
755 712 819 753 καὶ
853 712 1069 766 τραγῳδίας
1090 713 1171 754 ,οὐκ

290 777 496 828 ἠκροῶντο,
529 775 632 816 ὅπως
659 775 759 826 μήτε
783 776 825 816 ἐν
842 778 992 830 σπουδῇ
1011 775 1112 826 μήτε
1130 777 1172 816 ἐν

286 839 419 894 παιδίᾳ
452 838 617 881 ἀκούωσι
658 843 736 881 τῶν
769 832 1054 892 ἆντιλεγόντῶν
1087 843 1171 882 τοῖς

286 904 428 955 νόμοις.
469 905 565 946 Nisi
582 918 734 945 scenam
753 907 997 957 palaestram
1018 911 1168 946 vocet:

287 981 383 1008 nam
403 981 500 1009 cum
520 969 850 1009 adolescentulis
871 970 1027 1022 puellae
1046 970 1172 1010 simul

288 1033 330 1071 in
376 1034 596 1085 gymnasio
632 1033 950 1073 exercitationi}
977 1033 1169 1085 corporis

286 1094 390 1135 nudi
426 1108 601 1147 operam
636 1096 811 1148 dabant,
845 1101 893 1136 ut
925 1102 1077 1138 auctor
1103 1103 1170 1138 est

289 1159 544 1211 Xenophon.
577 1158 638 1198 At
651 1159 764 1211 quod
780 1159 895 1211 apud
911 1159 1169 1201 Athenaeum

287 1222 317 1261 l.
336 1232 442 1262 xur.
473 1221 647 1274 quidam
678 1223 755 1275 ait,
778 1234 863 1263 non
895 1223 1080 1264 arbitror
1114 1224 1169 1264 ad

287 1285 459 1336 AEmylii
488 1284 620 1325 Probi
638 1286 896 1326 sententiam
916 1286 1169 1327 confirman-

287 1348 384 1387 dam
423 1360 572 1399 parum
605 1346 746 1389 faeere
780 1361 934 1400 posse:
984 1348 1093 1399 ἡμεῖς
1125 1348 1170 1390 δὲ

286 1411 377 1461 οὐχὶ
404 1410 469 1450 καὶ
492 1413 571 1450 τῶν
587 1409 748 1463 ἀψύχων
773 1411 826 1451 τὰ
853 1410 1053 1452 κάλλιστα
1077 1427 1168 1464 προ-

286 1474 462 1526 κρίνομεν
481 1476 724 1515 ἐπαινοῦντες
742 1477 825 1516 τῶν
851 1478 1104 1528 Σπαρτιατῶν
1120 1476 1168 1516 τὸ

285 1538 369 1579 ἔθος
384 1538 432 1578 τὸ
448 1541 619 1590 γυμνοῦν
631 1539 702 1580 τὰς
716 1537 926 1592 παρθένους
937 1542 1020 1581 τοῖς
1032 1539 1165 1591 ξένοις.

285 1602 511 1652 Longolius.

299 1698 303 1706 .
340 1665 441 1710 Quoe
457 1678 532 1705 non
560 1667 612 1706 ad
629 1677 779 1706 scenam
797 1669 862 1705 eat
880 1667 1054 1706 mercede
1080 1679 1168 1707 con·

283 1728 421 1779 ducta]
450 1729 597 1769 Simile
619 1730 721 1781 quid
743 1729 798 1769 de
813 1729 1088 1770 Cretensibus
1106 1730 1169 1770 in-

286 1790 407 1830 venio
435 1791 549 1843 apud
579 1792 795 1844 antiquos,
827 1791 900 1843 qui
930 1792 1167 1844 praecipuas

284 1859 330 1894 et
348 1865 503 1906 magno
523 1859 625 1895 natu
647 1854 846 1894 mulieres
876 1854 930 1894 ad
961 1854 1168 1906 gladiato-

283 1917 393 1956 rium
412 1929 563 1958 munus
582 1917 884 1958 admittebant.
921 1917 1040 1960 Alex.
1061 1920 1168 1960 Nea-

280 1979 444 2031 politan.
494 2015 497 2019 .

340 2042 542 2093 Magnis
526 2056 570 2083 m
588 2042 765 2083 laudibus
783 2047 867 2084 tota
876 2042 965 2093 fuit
985 2043 1166 2096 Groecia]

283 2106 448 2158 Scripti
479 2106 666 2147 immissa
698 2119 831 2147 voce:
873 2111 956 2147 tota
974 2106 1065 2157 sere
1081 2107 1170 2157 fuit

288 2169 478 2216 Graecia‚·
518 2169 734 2223 quomodo
762 2169 879 2210 Edit.
902 2169 1168 2223 parisiensis,

283 2231 396 2284 quod
425 2244 506 2271 non
540 2231 748 2284 improbo.
815 2233 932 2273 -Nam
950 2233 1066 2285 apud
1084 2245 1169 2274 om-

283 2305 360 2333 nes
382 2294 559 2336 Graecos
592 2307 675 2334 non
709 2307 831 2348 aeque
858 2296 999 2348 magni
1032 2297 1168 2338 habiti

285 2357 614 2410 Olympionicae.
698 2359 767 2399 De
825 2359 1167 2401 Lacedaemoniis

284 2426 435 2461 auctor·
454 2422 710 2462 Plutarchus
726 2421 768 2460 ἐν
786 2421 929 2473 ἀποφθ.
948 2430 1041 2465 hau.
1080 2424 1166 2466 Qui

285 2488 428 2523 tamen
461 2496 515 2524 ex
544 2496 721 2524 numero
739 2485 964 2525 Victorum
983 2485 1167 2538 στεφανί-

281 2561 354 2586 τας
381 2546 535 2597 ἀγῶνας
553 2559 680 2588 unum
701 2560 727 2588 a
745 2549 863 2601 Rege
897 2549 940 2589 in
972 2552 1166 2602 praelium

283 2610 441 2651 adduci
459 2611 644 2663 solitum,
674 2611 800 2652 testis
819 2612 921 2653 mihi
943 2613 985 2652 in
1005 2614 1168 2666 Lycur-

283 2686 337 2724 go
355 2687 366 2713 :
411 2674 483 2714 ubi
513 2673 651 2727 ἐχώρει
670 2673 713 2715 δὲ
739 2675 761 2714 ὅ
790 2674 980 2721 βασιλεὺς
999 2676 1060 2721 ἐπὶ
1075 2675 1167 2717 τοὺς

281 2735 491 2786 πολεμίους
508 2736 689 2791 (inquit)
705 2737 808 2789 ἔχων
819 2739 904 2788 μεθ’
922 2740 1061 2779 ἑαυτοῦ
1078 2753 1169 2781 στε-

281 2798 447 2850 φανίτην
464 2800 598 2850 ἀγῶνα
617 2800 857 2850 νενικηκότα.
886 2803 1086 2846 Kenchen.

291 2905 295 2909 ,
343 2863 538 2914 Victorem
585 2866 781 2917 Olympioe
818 2865 955 2919 citari]
1007 2866 1020 2889 ‘
1041 2866 1169 2910 Quod

281 2926 396 2979 apud
416 2926 596 2968 Graecos
627 2939 761 2979 prope
790 2928 926 2980 majus
946 2933 991 2969 et
1011 2930 1167 2982 glorio-

282 2990 369 3030 sius
406 2989 614 3040 habitum,
660 3002 785 3043 quam
825 2992 972 3031 Romae
1016 2992 1166 3031 trium-

282 3053 466 3106 phasse.'
524 3054 676 3095 Cicero
710 3067 787 3107 pro
807 3055 980 3096 Flacco.
1035 3056 1094 3095 Et
1122 3055 1166 3096 in

280 3119 507 3158 Tusculan.
532 3117 667 3168 dicit;
689 3118 701 3141 ‘
723 3130 834 3170 esse,
847 3117 1000 3171 quibus
1018 3117 1168 3170 Olym·

284 3181 449 3232 piorum
472 3181 654 3221 victoria
672 3181 917 3221 consulatus
954 3181 1026 3221 ille
1056 3181 1167 3222 anti-

282 3256 388 3295 quus
429 3243 654 3285 videatur?
723 3243 840 3284 Hinc
886 3243 1166 3295 hieronicam,

281 3305 430 3346 ἰσόθεον
470 3305 719 3357 νομιζόμενον
763 3313 891 3347 vocat
936 3308 1166 3349 Lucianus.

283 3369 677 3421 Olympionicarum
713 3370 848 3421 gloria
883 3370 1076 3411 humanis
1111 3371 1164 3411 ti-

283 3432 382 3472 tulis
405 3432 536 3471 minus
564 3432 877 3473 continebatur.
934 3434 1070 3476 Quam
1092 3433 1164 3486 qui

876 216 1052 256 NOTAE
1095 215 1426 255 vARloRUM
1470 215 1536 254 IN

1235 337 1548 385 reportassent,
1605 332 1617 354 ‘
1648 336 1860 372 terrarum
1922 331 2124 385 Domina?

1235 396 1248 418 ‘
1270 395 1498 446 coelestes‚'
1542 408 1594 436 ac
1622 396 1634 419 ‘
1658 407 1735 447 pro
1756 395 1856 435 Diis
1874 395 1884 412 '
1913 395 2128 445 habehan-

1235 465 1320 501 tur.
1347 461 1466 513 Lege
1486 460 1853 512 Chrysostomum,
1872 459 2121 510 Horatium,

1234 524 1352 564 alios.
1407 522 1536 564 Unde
1564 523 1755 574 ipsorum
1786 523 1963 574 praemia
1980 521 2124 570 ἀναθή-

1233 602 1340 638 ματα
1371 587 1504 628 dicta.
1572 586 1732 628 Citatio
1766 598 1846 638 per
1879 589 2122 639 praeconem

1233 650 1394 690 fiebat:
1436 650 1511 703 qui
1531 650 1648 690 clara
1682 660 1787 689 voce
1811 648 1866 688 ad
1897 649 2119 700 populum,

1234 713 1455 754 Victorem
1499 711 1821 765 pronunciabat.
1898 711 2123 763 Cujusvrei

1235 779 1363 830 plena
1382 783 1449 818 est
1481 777 1616 817 omnis
1647 782 1853 816 vetustas.
1907 775 2122 829 Tantisjn

1234 841 1428 883 laudibus
1455 845 1549 881 tota
1579 838 1664 880 fuit
1696 838 2124 889 Graecia-Victorem*

1236 903 1451 955 Olympiae
1472 902 1616 955 citari,
1641 906 1690 942 ut
1720 912 1826 954 quos
1861 901 1906 940 in
1925 901 2126 944 Deorum

1233 978 1456 1006 numerum
1504 965 1746 1016 referrent,
1772 967 1852 1004 τῶν
1895 961 2120 1014 Ὀλυμπίων

1232 1027 1442 1082 παρέδρους
1459 1033 1682 1071 vocarent.
1712 1028 1916 1068 Kenchen.
1968 1059 1992 1067 ..
2036 1051 2055 1070 t

1253 1095 1449 1134 Nemini
1467 1093 1512 1132 in
1529 1093 1672 1133 eisdem
1689 1091 1968 1143 gentibusfuit
1989 1091 2118 1144 tumt-

1231 1156 1380 1208 tudini]
1436 1157 1593 1209 Itaque
1622 1155 1958 1207 Aristodemum,
1988 1155 2122 1207 tragi-

1233 1233 1328 1262 cum
1346 1226 1552 1273 actorem,
1565 1220 1761 1261 maximis
1778 1219 1833 1260 de
1851 1219 1981 1260 rebus
1999 1219 2123 1272 pacis

1233 1296 1283 1325 ac
1304 1284 1405 1324 belli
1426 1285 1615 1336 legatum
1633 1284 1689 1323 ad
1719 1282 1971 1334 Philippum
1989 1281 2123 1323 Athe-

1233 1348 1402 1388 nienses
1422 1358 1538 1399 s⁷aepe
1570 1347 1804 1396 miserunt3
1837 1352 1885 1388 et
1899 1346 2141 1402 AEschines

1232 1410 1507 1451 Atheniensis
1524 1409 1880 1462 Atrometifilius,
1898 1419 1996 1452 cum
2013 1409 2123 1453 ado-

1232 1477 1394 1517 lescens
1438 1477 1668 1529 tragoedias
1704 1476 1942 1528 actitasset,
1979 1488 2127 1529 remp.·

1231 1539 1481 1592 capessivit,
1500 1544 1547 1580 et
1566 1551 1784 1591 *magnam
1811 1539 2130 1580 auctoritatem·

1231 1603 1345 1655 apud
1364 1602 1652 1644 Athenienses
1673 1615 1728 1643 ex
1760 1602 2049 1644 concionibus
2069 1607 2117 1642 et

1231 1666 1496 1707 orationibus
1525 1667 1613 1706 suis
1646 1666 1728 1722 sibi
1758 1667 2039 1719 comparavit,
2067 1670 2118 1706 ut

1232 1734 1418 1770 testatur
1437 1730 1529 1771 Cic.
1560 1730 1615 1770 de
1649 1731 1758 1782 Rep.
1778 1741 1842 1771 ιν.
1883 1729 2115 1770 Lambinus.

1231 1793 1268 1831 V
1273 1792 1480 1843 irginibus
1500 1797 1642 1832 tamen
1663 1792 1768 1834 vitio
1781 1792 1928 1832 datum
1941 1792 2122 1833 inG-rae·

1231 1855 1314 1906 cia,
1336 1855 1512 1907 prodire
1531 1857 1576 1895 in
1594 1867 1765 1895 scenam
1795 1860 1840 1895 et
1873 1856 1917 1894 in
1945 1854 2116 1907 publico

1232 1918 1395 1958 versari
1410 1934 1421 1969 3
1434 1924 1482 1958 ut
1498 1924 1620 1970 patet
1634 1931 1689 1959 ex
1704 1917 1923 1970 Euripidis
1939 1918 2125 1970 Oreste,

1231 1982 1478 2022 Heraclidis
1493 1981 1721 2034 Iphigenia
1733 1980 1982 2022 Aulidensi:
2011 1981 2120 2026 item

1232 2058 1286 2086 ex
1305 2045 1546 2102 Menandro
1565 2057 1616 2086 ac
1635 2046 1909 2086 Nazianzeno
1928 2045 2038 2086 libro
2057 2045 2114 2087 de

1231 2108 1497 2149 documentis
1517 2108 1765 2160 Virginun1;
1793 2114 1840 2148 et
1859 2108 1914 2149 de
1934 2109 2118 2160 Latinis,

1231 2184 1255 2212 e
1273 2172 1440 2213 Seneca
1455 2172 1645 2224 Tragico
1673 2178 1871 2212 extremo
1890 2171 2119 2224 Agamem-

1229 2247 1357 2276 none.
1391 2234 1615 2276 ,Se-honus.
1671 2234 1835 2275 Omnes
1871 2234 2120 2286 histriones,

1229 2303 1411 2351 propter
1453 2297 1753 2350 improbitates
1809 2296 2119 2352 foeditatesque

1229 2373 1333 2414 quas
1355 2360 1740 2413 repraesentabant,
1766 2361 1872 2402 viles
1898 2367 1944 2402 et
1963 2374 2115 2414 parum

1229 2426 1428 2466 honestos
1447 2425 1615 2465 habitos
1632 2423 1767 2464 sentit
1786 2424 1972 2476 Magius.
1996 2461 1999 2463 .
2039 2451 2048 2466 ι

1286 2489 1387 2534 Quoe
1404 2488 1535 2527 omnia
1559 2488 1665 2539 apud
1683 2499 1753 2527 ποε
1767 2486 2120 2539 purtiminfamia]

1230 2551 1342 2593 Nam
1376 2552 1523 2591 Romae
1557 2550 1783 2593 histriones
1815 2558 1940 2594 erant
1971 2562 2117 2593 mune-

1231 2626 1323 2654 rum
1359 2619 1404 2654 et
1437 2614 1642 2657 honorum
1680 2612 1870 2652 civilium
1898 2618 2120 2667 expertes²

1229 2679 1396 2731 legibus
1435 2676 1578 2729 ἄτιμοι,
1615 2683 1744 2729 atque
1778 2676 1898 2718 adeo.
1921 2676 2117 2722 infames.

1229 2740 1410 2783 Lambin.
1466 2742 1538 2781 De
1573 2739 1637 2780 his
1669 2740 1830 2781 dIserte
1858 2739 1995 2786 Joan.
2020 2741 2118 2781 Ma·

1230 2805 1350 2845 riana
1368 2808 1517 2844 noster
1537 2803 1740 2855 singulari
1766 2803 1823 2844 de
1854 2804 2116 2856 spectaculis

1230 2867 1341 2907 libro
1361 2872 1459 2919 post
1477 2866 1654 2907 Tei-tull.
1699 2865 1854 2907 Schott.
1907 2865 2116 2918 Augusti-

1230 2943 1308 2971 nus
1337 2930 1394 2970 de
1426 2931 1506 2970 hac
1533 2930 1820 2971 aestimatione
1849 2931 2117 2972 scenicorum

1229 2994 1343 3046 apud
1378 2993 1555 3034 Graecos
1599 2998 1646 3033 et
1678 2994 1918 3034 Romanos:
1963 2994 1976 3016 ‘
2001 2995 2116 3039 Quo·

1229 3056 1356 3096 modo
1393 3055 1599 3107 abjicitur
1635 3057 1833 3096 scenicus
1873 3068 1952 3109 per
1987 3069 2114 3109 quem

1229 3119 1387 3159 colitur
1409 3119 1528 3158 Deus
1545 3118 1561 3157 ἓ
1579 3118 1638 3158 Et
1659 3118 1878 3159 theatricae
1894 3119 2006 3159 illius
2027 3124 2116 3160 tnr-

1229 3181 1435 3234 pitudinis
1456 3180 1540 3234 q'ua
1558 3179 1703 3233 fronte
1721 3187 1896 3222 notatur
1922 3187 2059 3232 actor,
2076 3182 2114 3222 si

1229 3245 1435 3287 adoratur
1455 3246 1664 3286 exactor?
1693 3246 1746 3286 In
1765 3247 1846 3286 hac
1865 3251 2114 3287 controver-

1228 3309 1291 3349 sia
1335 3308 1484 3349 Graeci
1529 3308 1793 3361 Romanique
1849 3313 2115 3349 concertant.

1229 3371 1371 3412 Graeci
1393 3377 1549 3423 putant
1580 3377 1700 3411 recte
1734 3383 1780 3412 se
1811 3370 2020 3410 honorare
2037 3370 2114 3411 ho-

1228 3434 1362 3475 mines
1380 3434 1586 3485 scenicos,
1616 3445 1710 3474 cum
1747 3435 1889 3475 colant
1917 3435 2111 3477 scenico-
