2346 3886
670 241 757 280 iv.
817 236 1196 289 Pausaniae,
1235 236 1374 279 car.
1411 227 1463 278 4.
1867 227 1978 289 1138

139 359 260 423 ὠὴ·
277 375 406 423 esse
422 352 780 429 pereundum.
853 358 1029 427 Erant
1068 359 1143 410 in-
1159 357 1351 411 eadem
1376 359 1631 428 epistola,
1659 375 1788 428 quae
1813 361 1886 414 ad
1911 378 1981 416 ea

142 445 511 516 pertinebant,
539 461 666 513 quae
693 446 833 498 inter
854 458 1037 511 regem
1072 443 1527 513 Pausaniamque
1565 447 1980 501 convenerant.⁶

148 530 392 589 Basilio
413 530 600 583 literas
624 530 843 599 ephoris
868 528 1111 583 tradidit.
1188 528 1322 582 Non
1346 534 1433 582 est
1457 532 1841 599 praetereunda
1865 550 1983 600 gra-

142 617 298 673 ffitae
339 614 894 671 Lacedaemoniorum
925 615 1035 678 hoc
1070 615 1221 669 loco.
1297 614 1449 669 Nam
1474 631 1543 667 ne
1566 615 1730 685 hujus
1755 618 1984 685 quidem

149 698 383 759 indicio⁷
399 698 635 768 impulsi
658 704 803 762 sunt,
833 704 896 752 ut
920 699 1261 752 Pausaniam
1296 700 1851 769 comprehenderent:
1890 720 1985 757 nev-

147 800 265 854 qne
283 784 438 852 prius
462 785 575 837 vim
601 782 969 837 adhibendam
994 789 1348 852 putaverunt,
1377 801 1544 852 quam
1582 802 1643 837 se
1672 786 1819 854 ipse⁸
1844 787 1988 843 indi—

145 857 383 924 casset.⁰
438 868 635 938 Itaque
658 869 791 922 huic
812 868 1000 933 indici,
1028 869 1165 938 quid
1187 868 1308 921 fieri
1336 870 1552 933 vellent,
1578 879 1985 941 praeceperunt.

147 954 393 1013 *Fanums‘
439 954 692 1024 Neptuni
730 959 814 1008 est
857 954 1123 1020 Taenari,‘³
1163 948 1316 1024 Quod
1364 954 1559 1007 violari
1593 957 1752 1010 nefas
1792 964 1990 1027 putant

154 1039 369 1095 Groeci.
443 1039 529 1093 Eo
574 1040 669 1093 ille
714 1039 886 1094 index
925 1040 1210 1108 confugit:
1249 1041 1308 1093 in
1333 1054 1433 1092 ara
1468 1040 1742 1096 consedit.
1820 1043 1990 1098 Hanc

149 1124 336 1196 juxta,
362 1125 551 1178 locum
589 1124 839 1178 fecerunt
879 1126 983 1180 sub
1019 1131 1180 1188 terra,
1219 1141 1294 1177 ex
1341 1139 1455 1193 quo
1495 1131 1687 1195 posset
1724 1127 1920 1193 audiri,
1946 1129 1995 1182 si

151 1209 294 1279 *quis
319 1209 416 1278 qui
459 1216 504 1240 ¹⁰
527 1210 841 1278 loqueretur
875 1227 1001 1264 cum
1049 1208 1281 1279 Argilio.
1356 1211 1490 1265 Huc
1531 1228 1604 1265 ex
1629 1212 1848 1281 ephoris
1873 1214 1995 1283 qui.-

155 1285 293 1354 dam
332 1294 759 1353 descenderunt.
796 1330 798 1333 -
832 1295 1167 1360 PausaniaS,
1194 1302 1256 1350 ut
1293 1296 1527 1361 audivit,
1563 1295 1833 1364 Argilium
1866 1313 1995 1352 con-

156 1378 369 1448 fugisse
402 1380 463 1433 in
502 1396 672 1445 aram,
692 1383 1050 1450 pert-urbatus
1077 1397 1145 1434 eo
1183 1383 1332 1435 venit
1348 1387 1405 1435 :¹¹
1446 1397 1607 1451 quem
1631 1397 1759 1438 cum
1781 1384 1998 1453 suppli—

164 1479 283 1517 cem
310 1464 440 1517 Dei¹
462 1464 675 1518 videret
696 1466 753 1518 in
775 1482 874 1519 ara
898 1466 1210 1530 sedentem,
1237 1466 1458 1534 quaerit,
1486 1481 1677 1519 causae
1707 1466 1843 1535 quid
1882 1469 1998 1520 sit¹²

155 1548 279 1601 tam
302 1549 916 1616 repentino-consilio.¹³
991 1546 1150 1602 Huic
1193 1550 1306 1614 ille,
1347 1550 1481 1620 quid
1523 1567 1597 1603 ex
1634 1551 1806 1605 literis
1849 1567 2000 1607 com-

165 1631 425 1701 perisset,
445 1633 640 1702 aperit.
680 1633 913 1688 Tanto¹⁴
925 1635 1110 1703 ⁸magis
1130 1635 1451 1698 Pausanias
1469 1637 1824 1704 perturbatus
1840 1652 1999 1691 orare

758 1804 779 1824 ²
804 1798 937 1844 Quam
953 1810 995 1839 se
1021 1810 1133 1839 reum
1155 1797 1409 1841 exhibuisset.

939 1919 1235 1938 eom

161 2001 262 2048 jeb-
280 2001 471 2047 adinum
489 2000 628 2044 locum
642 2014 688 2055 p.
705 2005 801 2046 221.
829 2001 872 2043 in
889 2005 1038 2045 nostro
1056 1999 1252 2044 Cornelii
1274 2001 1369 2042 loco
1396 1998 1551 2042 laxavit,
1578 2000 1704 2042 unice
1735 2012 1883 2044 verum
1913 2016 2008 2046 esse

169 2056 383 2110 judicavit
400 2070 414 2107 ;
442 2055 645 2109 idemque
659 2055 924 2109 probabilius
940 2068 1035 2096 esse
1054 2055 1354 2096 existimarunt
1367 2054 1496 2108 Harl.
1513 2055 1697 2096 Wetzel.
1713 2060 1760 2096 et
1776 2057 2011 2101 T’zschuck.

162 2110 324 2153 >Quare
339 2121 421 2162 ego
440 2110 646 2162 rescripsi
674 2109 951 2162 laxavit.]-6
977 2110 1111 2150 Erant
1139 2109 1549 2151 in....convenemnta
1575 2108 1663 2150 Ms.
1691 2109 1816 2149 Leid.
1849 2114 1892 2151 2.
1939 2113 2012 2153 ab·

171 2167 315 2214 erant,
329 2164 407 2205 sed
420 2163 543 2204 Stav.
563 2163 609 2204 in
626 2163 754 2207 Misc.
775 2162 902 2205 obss.
920 2175 1022 2204 nov.
1043 2168 1148 2205 tom.
1168 2166 1209 2205 8.
1226 2175 1270 2214 p.
1290 2165 1384 2204 814.
1403 2174 1461 2202 ex
1479 2161 1673 2203 Diodoro
1691 2163 1778 2204 Sic.
1793 2163 1867 2205 lib.
1886 2175 1950 2206 xr.
1966 2177 2009 2218 p.

177 2219 247 2261 86.
275 2217 423 2269 docet,
440 2217 515 2258 illa
531 2217 666 2259 verba
682 2229 770 2259 non
785 2229 879 2259 esse
899 2217 1182 2258 delendae—'7
1209 2218 1370 2258 Judicio
1389 2216 1472 2257 Ed.
1491 2216 1610 2258 Jens.
1629 2216 1833 2258 Med.-8
1862 2219 1954 2270 Ipse
1972 2231 2012 2260 se

179 2269 262 2312 Ed.
280 2270 420 2322 Long.
445 2270 829 2321 Statimjudimoet
846 2271 935 2312 Ms.
955 2272 1066 2312 Dan.
1083 2271 1164 2312 Ed.
1180 2271 1302 2313 Jens.
1331 2270 1453 2310 Med.
1476 2270 1640 2322 pariter
1657 2271 1787 2319 judici
1805 2276 1853 2311 et
1882 2274 2010 2324 paulo

164 2322 418 2375 postjoedex
435 2324 518 2364 Ed.
538 2324 660 2366 Jens.
679 2325 886 2366 Med.—9
921 2324 1073 2366 Vanum
1089 2325 1176 2366 Ms.
1196 2324 1325 2364 Voss.
1354 2327 1394 2364 3.
1437 2324 1550 2363 Dein
1566 2325 1610 2363 in
1628 2337 1770 2375 araque
1788 2325 1873 2366 Ms.
1890 2326 2012 2368 Leid.

181 2379 225 2418 2.
251 2377 482 2419 Daue—10
508 2377 558 2418 Si
584 2377 675 2428 quis
703 2378 855 2430 alianid
885 2378 971 2419 Ms.
989 2378 1183 2420 Ax.--ll
1214 2379 1330 2419 Pert.
1349 2378 1456 2418 venit
1481 2390 1525 2418 eo
1545 2379 1632 2418 Ms.
1650 2379 1772 2418 Voss.
1787 2382 1827 2419 1.
1846 2382 1886 2420 2.
1928 2379 2014 2421 Ax.

185 2429 270 2472 Ed.
288 2431 413 2473 Jens.
433 2430 554 2472 Med.
572 2429 681 2483 Arg.
698 2431 842 2472 Paris.
872 2430 972 2473 Ald.
999 2433 1132 2483 Long.
1151 2433 1275 2483 Mag.
1304 2444 1348 2471 eo
1378 2432 1485 2471 venit
1519 2431 1670 2472 omisso
1689 2433 1745 2480 τῷ
1760 2432 2016 2483 perturbatus

185 2483 275 2528 Ma.
288 2485 417 2525 Voss.
437 2487 479 2525 3.
510 2483 710 2525 Mendes.
728 2483 811 2525 Ed.
830 2484 1095 2537 Ultraj.-12
1127 2485 1235 2530 Quia
1251 2485 1286 2525 si
1306 2485 1387 2525 Ed.
1408 2485 1529 2525 Med.
1548 2485 1695 2526 [anub.
1727 2486 1790 2538 [n.
1807 2486 2013 2528 Francos.

185 2549 295 2578 ann.
315 2541 437 2581 1608.
466 2549 565 2578 nam
583 2538 627 2578 in
647 2538 718 2578 ed.
738 2541 780 2578 1.
808 2536 958 2578 Lamb.
978 2539 1124 2579 Lutet.
1153 2540 1249 2589 quid
1265 2539 1319 2578 sit
1338 2538 1636 2590 legitur.]--13
1666 2539 1880 2590 Repentini
1891 2542 2017 2581 consi-

183 2590 235 2630 tii
259 2591 342 2632 Ed.
372 2591 493 2634 Jens.
523 2591 645 2632 Med.
677 2590 785 2643 Arg.
814 2591 954 2631 Paris.
986 2590 1088 2632 Ald.
1117 2592 1250 2641 Long.
1282 2592 1428 2632 Lamb.
1447 2591 1596 2643 steph.
1616 2592 1765 2632 Boeci.
1796 2594 1896 2634 Bos.
1918 2598 1955 2635 1.
1977 2597 2018 2636 2.

183 2644 371 2697 [Wetz]
390 2645 558 2686 Kench.
585 2645 672 2686 Sed
690 2645 894 2696 repentino
912 2645 1071 2685 consilio
1090 2645 1176 2686 Ms.
1195 2646 1313 2686 Dan.
1328 2645 1451 2686 Leid.
1468 2649 1507 2685 2.
1525 2645 1606 2686 Ed.
1619 2645 1760 2686 Gebh.
1779 2647 1902 2687 Stav.
1923 2651 1961 2688 1.
1977 2651 2020 2689 8.

166 2698 389 2749 VAQHeus.
406 2698 513 2750 [lth.
534 2702 582 2739 et
597 2699 688 2740 rell.
707 2699 951 2750 Utrumque
973 2704 1091 2739 recte
1108 2712 1121 2748 ;
1140 2711 1183 2738 u.
1203 2700 1270 2739 vel
1290 2698 1345 2738 ad
1364 2700 1541 2739 verbum
1562 2698 1742 2749 referas,
1760 2701 1831 2740 vel
1847 2700 1903 2741 ad
1923 2701 2020 2743 sub-

172 2751 446 2803 .⁸tantivum;
472 2751 549 2793 sed
567 2751 769 2804 repentino
785 2752 946 2793 coneilio
964 2758 1032 2794 est
1049 2753 1219 2793 doctior
1236 2753 1384 2803 lectio,
1400 2754 1618 2793 illustrata
1637 2766 1662 2793 a
1679 2754 1829 2794 Curtio
1844 2754 1899 2794 ad
1918 2755 2020 2796 San.

190 2804 246 2844 B.
264 2805 362 2846 Cat.
382 2818 422 2847 c.
445 2807 513 2846 40.
545 2817 611 2847 nr.
629 2810 670 2847 2.
694 2811 740 2847 et
767 2806 821 2847 ab
852 2805 1058 2849 Oudend.
1086 2806 1141 2847 ad
1172 2807 1283 2847 Caes.
1313 2807 1363 2846 B.
1386 2807 1441 2846 G.
1475 2807 1550 2848 lib.
1570 2819 1613 2847 v.
1646 2819 1744 2859 cap.
1762 2812 1828 2849 44.
1858 2820 1901 2860 p.
1922 2812 2021 2850 265.

194 2855 313 2898 Hinc
331 2869 426 2899 eam
444 2859 762 2911 praetuli.]——l4
789 2860 914 2901 Modo
931 2859 1061 2912 magis
1091 2860 1177 2901 Ms.
1211 2860 1412 2901 Mendes.
1432 2861 1555 2902 Bam?
1569 2860 1691 2901 Leid.
1709 2864 1749 2902 2.
1780 2861 1907 2903 voss.
1926 2868 1963 2905 1.
1980 2867 2021 2905 2.

194 2909 278 2954 Ed.
294 2910 417 2952 Jens.
433 2911 556 2954 Med.
575 2911 684 2965 Arg.
696 2914 818 2966 Mag.
838 2914 938 2955 Par.
956 2913 1057 2955 Ald.
1077 2914 1233 2965 Ultraj.
1254 2915 1387 2966 Long.
1406 2919 1467 2954 ηιό
1483 2914 1543 2967 (h.
1559 2921 1667 2955 e..ut
1685 2913 1889 2958 scheffer.
1909 2916 2023 2969 conj.

195 2963 346 3015 multo)
363 2965 491 3015 magio
506 2966 592 3006 Ms.
605 2966 753 3007 Boecl.
774 2968 841 3018 [et
857 2967 1097 3008 Tzschuck.
1119 2968 1173 3007 ad
1192 2968 1261 3008 ed.
1276 2969 1378 3007 min.
1399 2979 1495 3008 cum
1516 2968 1724 3021 Heusing.
1742 2970 1942 3019 probavit
1960 2976 2023 3010 at-

201 3029 286 3070 qne
307 3017 350 3057 in
370 3018 439 3058 ed.
453 3022 495 3059 2.
538 3019 758 3072 rescripsit
774 3021 906 3061 Multo
918 3020 1080 3073 magia]
1115 3021 1272 3062 Statim
1289 3022 1511 3062 Pausanias
1530 3022 1680 3063 aberat
1698 3034 1721 3061 a
1737 3023 1823 3065 Ms.
1844 3024 1968 3063 Voss.
1984 3026 2023 3064 3.

1014 3170 1198 3213 No'rAE

248 3277 270 3306 ‘¹
299 3271 453 3314 Fanum
466 3272 644 3324 Neptuni
658 3278 719 3314 est
733 3274 913 3325 Taenari]
925 3275 1075 3316 Taena·
1143 3277 1373 3326 Neptunus
1395 3276 1634 3318 subducere
1659 3272 1929 3330 credebatur,
1946 3288 2023 3318 nn·

196 3345 275 3376 rus
301 3336 636 3388 promontorium
667 3343 735 3378 est
760 3338 983 3378 Laconicae
1010 3349 1076 3378 re·
1142 3338 1198 3378 de
1213 3337 1359 3379 fanum
1379 3340 1461 3391 ipsi
1481 3340 1674 3380 dicatum
1690 3346 1775 3382 est.

198 3397 352 3450 simis,
368 3398 412 3439 in
430 3412 514 3453 quo
532 3398 678 3441 fauces
701 3406 824 3441 erant
840 3401 895 3442 ad
915 3400 1076 3443 inferos
1196 3407 1212 3427 Τ
1240 3402 1367 3447 Quem
1391 3415 1478 3444 cum
1505 3405 1713 3456 applicem
1743 3403 1846 3456 Dei]
1873 3403 1924 3446 xd
1945 3409 2028 3459 ese,

198 3461 527 3514 descendentes,
551 3475 636 3516 quo
654 3462 962 3518 hippocampos
979 3477 1076 3506 suos
1143 3465 1351 3518 Neptuni.

309 3528 454 3583 Daph.
471 3535 510 3571 et
532 3530 627 3572 ναν.
649 3531 758 3573 Clas.
1082 3533 1185 3585 Nep.
1871 3534 1919 3575 H
