2326 3860
694 293 892 340 xxm.
956 292 1311 349 HANNIBAL,
1344 295 1486 338 cAr.
1522 284 1578 337 3.
1937 285 2044 338 309

219 413 497 489 {su'begitz¹
535 411 855 487 Saguntum,
887 417 1239 473 *foederatam6
1281 414 1617 483 civitatem,¹¹¹
1651 418 1727 472 vi⁷
1755 433 2044 487 expugna-

216 507 368 560 vitt¹²
402 512 518 559 tres
541 507 825 558 exercitus
861 502 1139 558 maximos
1165 503 1554 573 comparavit.⁰
1627 503 1717 556 Ex
1750 504 1839 555 his
1871 518 2044 555 unum

216 591 277 643 in
300 587 549 644 Africam
573 590 743 654 misit,
784 591 1015 643 alterum
1041 605 1168 643 cum
1196 590 1577 642 Hasdrubale¹>
1601 587 1766 643 fratre
1802 589 1861 641 in
1907 588 2049 664 His'.

215 675 409 744 pania⁸
432 675 680 743 reliquit,
719 676 938 727 tertium
970 675 1028 726 in
1066 675 1290 728 Italiam
1325 690 1517 728 secum
1551 674 1730 729 duxit.
1805 674 2046 726 Saltum⁹

219 759 547 829 Pyrenaeum
574 761 830 813 transiit.‘¹
904 758 1274 829 Quacumque
1310 761 1413 812 iter
1436 760 1585 824 fecit,
1624 775 1751 812 cum
1787 758 2043 816 omnibus

982 895 1202 911 eeeeeeeoe
1209 895 1280 917 soe

217 1004 335 1032 annos
361 991 518 1043 nauta)
536 991 624 1032 Ith.
653 990 743 1043 (cui
762 990 935 1044 quidem
953 1002 1038 1029 non
1059 989 1196 1030 omnia
1228 989 1280 1030 ad
1301 991 1500 1031 amussim
1530 991 1720 1042 regulam
1754 1004 1806 1032 ne
1825 992 2049 1033 Gramma-

215 1045 327 1085 tices
356 1045 569 1097 exigenda
605 1044 816 1086 videntur.
883 1044 928 1084 Is
963 1050 1123 1094 tamen,
1157 1044 1292 1083 minus
1324 1043 1454 1095 forte,
1490 1045 1645 1096 inquit,
1670 1050 1706 1084 ‘o
1741 1046 1925 1086 ensionis
1962 1046 2047 1087 ista

216 1103 437 1139 structura
455 1099 649 1139 habitura
676 1097 832 1147 fuerat,
852 1098 905 1147 si,
935 1101 1101 1137 mutato
1113 1098 1344 1139 ,verborum
1366 1098 1527 1150 positu,
1545 1100 1607 1140 ita
1625 1099 1867 1149 scripsisset
1886 1101 2047 1141 Corne-

213 1153 322 1192 lius:
351 1153 407 1192 sic
434 1158 547 1192 natus
567 1152 772 1192 Hannibal
789 1153 915 1192 minor
931 1155 998 1192 25.
1017 1151 1144 1202 annis,
1164 1150 1266 1202 ἅμ’.)
1288 1159 1332 1191 et
1361 1152 1433 1191 alii
1452 1153 1657 1193 editores.
1704 1153 1820 1193 Stav.
1841 1152 1897 1192 ad
1916 1154 1983 1193 ed.
2005 1157 2045 1195 3.

213 1205 476 1258 suspicatur,
504 1207 644 1246 locum
680 1207 742 1246 ita
778 1205 1125 1257 distinguendum
1154 1216 1271 1244 esse:
1321 1205 1528 1246 Hannibal
1553 1208 1680 1246 minor
1707 1207 1873 1258 quinque
1901 1210 1941 1246 et
1965 1209 2046 1257 vig.

215 1272 337 1300 annos
352 1260 613 1312 mtus,quasi
632 1260 673 1299 h.
695 1260 722 1300 l.
736 1259 1027 1311 distinguatur
1043 1259 1097 1298 ab
1118 1259 1376 1308 Hannibale,
1388 1259 1459 1311 qui
1477 1261 1608 1299 senior
1619 1266 1798 1301 vocatur
1820 1261 1873 1300 ab
1890 1259 2047 1300 Orosio

213 1324 278 1354 lv.
298 1317 336 1355 7.
355 1317 395 1354 8.
423 1314 486 1354 ita
503 1319 549 1353 ut
563 1320 660 1365 post
677 1313 805 1353 minor
819 1326 986 1353 comma
999 1313 1214 1365 ponatur.]
1245 1312 1330 1352 Sed
1347 1318 1444 1353 natu
1461 1314 1541 1354 Ed.
1558 1314 1702 1368 Lamb.
1730 1314 1989 1367 [Tzschuck.
2004 1319 2046 1354 2.

218 1367 354 1408 Wetz.
393 1380 499 1420 quos
527 1367 724 1419 equidem
753 1367 953 1407 lubenter
984 1372 1157 1406 secutus
1188 1379 1343 1415 essem,
1373 1367 1455 1406 nisi
1489 1368 1712 1408 Cornelius
1742 1368 1844 1408 alibi
1876 1380 2044 1420 quoque

218 1421 479 1472 aberrasset,
498 1427 574 1461 aut
600 1421 821 1461 aberrasse
853 1420 945 1461 aliis
968 1419 1179 1470 videatur,
1208 1433 1234 1460 a
1261 1421 1473 1462 communi
1504 1429 1714 1474 suetaque
1744 1423 1911 1462 ratione
1942 1423 2046 1462 scri·

215 1473 465 1526 bendi.]—6
490 1475 560 1515 Sic
579 1474 662 1514 Ed.
691 1475 809 1515 Med.
833 1473 938 1527 Arg.
959 1474 1059 1514 Par.
1080 1475 1218 1525 Long.
1240 1475 1357 1526 Mag.
1383 1473 1548 1524 [Lamb.
1564 1476 1698 1515 Heus.
1714 1480 1759 1516 et
1780 1487 1898 1529 seqq.
1918 1473 2049 1523 seder.

210 1523 334 1577 ‘Bosii
355 1534 424 1568 est
443 1530 682 1581 scriptura:
712 1541 752 1568 v.
775 1528 930 1569 Cellar.
951 1528 1156 1580 Orthogr.
1173 1528 1315 1568 Latin.
1344 1539 1385 1579 p.
1404 1532 1500 1569 237.
1521 1541 1581 1582 sq.
1601 1528 1672 1569 ed.
1692 1529 1964 1580 Harles.]—-⁷
1989 1530 2046 1569 Ut

210 1590 304 1634 exp.
323 1582 409 1623 Ms.
428 1583 554 1623 Voss.
581 1586 620 1622 l.
639 1585 680 1622 2.
701 1585 740 1623 3.
770 1582 891 1623 Leid.
911 1586 950 1622 2.
971 1580 1137 1623 Ax.—a
1170 1581 1220 1622 In
1239 1581 1477 1633 Hispaniam
1496 1583 1581 1623 Ms.
1600 1584 1726 1622 Voss.
1749 1586 1788 1622 3.
1810 1581 1963 1623 Statim
1983 1595 2044 1622 re-

211 1635 358 1688 ·linquit
375 1635 458 1677 Ed.
482 1635 667 1687 Arg.‘—9
687 1635 844 1677 Saltum
864 1636 1014 1677 aberat
1034 1648 1059 1676 a
1077 1636 1162 1677 Ms.
1182 1635 1306 1677 Voss.
1327 1638 1367 1676 3.
1413 1637 1571 1677 Statim
1592 1636 1810 1690 pyreneum
1828 1636 1908 1677 Ed.
1923 1636 2044 1678 Jens.

1046 1774 1225 1817 NOTAE

211 1896 214 1903 ’
269 1881 282 1910 ¹
308 1881 498 1923 Proximo
517 1881 685 1922 triennio
701 1893 832 1928 omnes
843 1884 981 1932 gentes
998 1880 1100 1920 His-

207 1945 347 2001 panioe
362 1944 458 1985 bello
485 1943 658 1995 subegit]
691 1944 745 1984 Id
775 1957 922 1984 verum
953 1948 1035 1996 est,
1064 1945 1100 1984 si

207 2011 371 2063 ‘gentes
395 2008 511 2048 ultra
538 2007 714 2047 Iberum
748 2019 914 2048 amnem
943 2007 1100 2047 intelli-

208 2085 308 2133 gas,
346 2078 392 2112 et
428 2071 688 2129 Saguntinos
722 2071 855 2111 etiam
891 2069 1099 2121 excipias,

216 2146 324 2189 quos
361 2139 516 2187 postea
553 2134 745 2175 obsessos
790 2133 844 2174 ad
884 2139 1097 2174 extremas

216 2196 483 2238 miseriarum
502 2197 721 2249 angustias
750 2196 936 2250 redegit,
966 2202 1012 2237 et
1029 2210 1097 2237 nr·

216 2260 315 2303 bem
345 2271 492 2300 eorum
522 2259 639 2300 ferro
669 2258 928 2314 flammaque
948 2260 1096 2302 diruit.

131 2351 135 2354 -
216 2323 331 2363 Vide
347 2323 440 2364 Liv.
459 2323 533 2363 lib.
549 2334 647 2363 xxr.

208 2421 211 2423 ,
267 2391 298 2413 ¹¹¹
339 2385 575 2438 Saguntum,
599 2385 838 2435 foederatam
878 2386 1098 2438 civitatem]

218 2451 391 2494 Quanta
411 2449 543 2490 fuerit
561 2451 662 2491 olim
688 2450 782 2490 haec
800 2449 953 2490 civitas
972 2450 1099 2490 intel·

215 2514 292 2567 ligi
310 2519 456 2567 potest
474 2526 528 2553 ex
547 2513 611 2553 bis
630 2514 741 2554 Livii
756 2513 924 2554 verbis:
955 2514 966 2537 ‘
984 2513 1098 2554 Civi-

217 2582 283 2619 tas
310 2589 364 2618 ea
379 2578 506 2630 longe
526 2577 853 2629 opulentissima
870 2578 984 2618 ultra
1002 2569 1098 2618 Ibe-

205 2653 310 2683 -rum
330 2640 427 2694 fuit,
455 2642 541 2682 sita
575 2653 725 2693 passus
757 2642 872 2682 mille
901 2640 1039 2682 ferme
1072 2654 1097 2681 a

201 2705 351 2747 -·mari.'
405 2705 488 2746 Cui
506 2705 734 2746 sententiae
751 2703 986 2746 subscribit
999 2704 1095 2744 Flo-

217 2781 290 2810 rus
307 2782 320 2810 ι
346 2769 360 2792 ‘
379 2768 623 2821 Saguntos,’
639 2768 793 2821 inquit,
818 2769 831 2790 ⁴
851 2773 976 2808 vetus
995 2766 1097 2807 His-

216 2832 354 2885 paniae
387 2832 542 2872 civitas
576 2836 623 2872 et
655 2832 876 2884 opulenta,
908 2829 1096 2883 fideique

216 2906 320 2946 erga
338 2894 548 2934 Romanos
577 2905 777 2946 magnum
806 2892 994 2946 quidem,
1021 2892 1098 2933 sed

217 2961 343 3001 triste
380 2959 731 3001 monumentum.’
785 2959 898 3000 Haec
932 2959 986 3000 ad
1020 2957 1098 2999 flu-

216 3034 315 3064 men
336 3023 518 3064 Duriam
546 3024 630 3064 sita
661 3028 770 3074 erat,
789 3033 924 3076 prope
950 3022 1100 3064 urbem

216 3086 475 3138 Valentiam,
488 3099 582 3139 quae
599 3086 727 3128 hodie
740 3092 872 3140 caput
887 3091 956 3128 est
973 3086 1097 3138 regni

215 3150 342 3202 hujus
369 3149 551 3189 nominis
583 3150 630 3189 in
650 3149 871 3202 Hispania.
925 3148 1097 3190 Plinius

207 3215 292 3257 Jib.
323 3224 418 3254 xvr.
443 3215 513 3253 ⁴0.
544 3210 683 3252 refert
715 3212 934 3253 conditam
966 3210 1097 3252 fuisse

217 3277 414 3319 ducentis
437 3274 559 3315 annis
582 3279 684 3314 ante
700 3272 841 3327 Trojae
860 3272 1096 3323 excidium,

214 3338 332 3393 quod
349 3337 546 3379 maximae
574 3335 845 3388 antiquitatis
872 3345 1098 3387 argumen-

218 3406 308 3443 tum
335 3405 416 3443 est.
486 3398 596 3440 Haec
624 3398 755 3440 hodie
781 3399 909 3452 vulgo
941 3398 1098 3440 Mor-ve-

218 3466 300 3506 dre.

272 3531 292 3554 ¹
324 3526 378 3569 Vi
412 3523 674 3581 expugnavit]
718 3523 846 3568 Anno
881 3523 938 3567 ab
972 3523 1096 3567 Urbe

1169 1879 1304 1921 Cond.
1341 1884 1436 1922 535.
1472 1880 1585 1922 bello
1624 1882 1790 1923 Punico
1841 1882 2047 1934 secundo,

1165 1949 1267 1997 post
1286 1950 1484 1985 octavum
1502 1944 1734 1985 obsidionis
1762 1956 1969 1997 mensem,
2000 1952 2048 1986 ut

1166 2006 1306 2047 refert
1341 2007 1563 2060 Polybius.
1636 2008 1776 2048 Porro
1812 2009 2047 2060 Saguntus,

1166 2071 1325 2123 partim
1362 2071 1633 2122 Hannibalis,
1681 2071 1837 2124 partim
1888 2071 2047 2112 civium

1165 2127 1360 2175 manibus
1380 2134 1521 2175 diruta
1539 2141 1634 2186 est;
1663 2135 1735 2188 qui
1770 2147 1866 2176 cum
1896 2134 1950 2175 ad
1971 2148 2045 2176 ex-

1164 2202 1346 2238 tremam
1380 2211 1522 2238 rerum
1558 2199 1744 2238 omnium
1781 2198 1968 2250 inopiam
2001 2204 2047 2239 et

1162 2261 1318 2303 famem
1337 2263 1502 2303 redacti
1523 2269 1681 2312 essent,
1704 2275 1748 2302 se
1770 2274 1932 2314 suaque
1958 2275 2048 2303 om-

1164 2325 1236 2365 nia
1254 2326 1297 2365 in
1317 2337 1467 2378 pyram
1488 2327 1787 2378 conjecerunt,
1812 2337 1892 2365 nec
1913 2325 2046 2366 victo-

1166 2388 1226 2429 ris
1269 2389 1493 2430 arbitrium
1539 2394 1838 2442 expectarunt.
1879 2389 2049 2431 'Livius

1164 2451 1236 2492 lib.
1257 2462 1357 2493 ιιι.

1218 2519 1238 2541 ⁰
1270 2515 1364 2555 Tres
1377 2515 1573 2557 exercitus
1585 2516 1777 2556 maximos
1789 2515 2049 2568 comparauit]

1164 2577 1279 2618 Vide
1299 2578 1545 2630 Polybium,
1565 2583 1610 2619 et
1630 2579 1797 2619 Livium
1816 2578 1989 2620 ibidem.

1218 2645 1241 2674 Ρ
1265 2640 1450 2682 Alterum
1466 2654 1553 2681 cum
1581 2641 1851 2693 Hasdrubale]
1879 2641 2047 2681 Hanni-

1165 2703 1277 2745 balis
1295 2702 1450 2754 fratre,
1486 2716 1612 2757 quem
1638 2695 1914 2746 adtuendam
1945 2705 2047 2746 His-

1164 2768 1335 2821 paniam
1354 2780 1451 2809 cnm
1470 2768 1672 2809 Afrorum
1701 2769 1895 2821 peditum
1914 2768 2048 2809 unde·

1163 2832 1246 2873 cim
1275 2832 1463 2873 millibus
1495 2838 1542 2873 et
1569 2833 1765 2885 amplius,
1798 2838 1957 2885 praeter
1985 2834 2047 2873 in-

1165 2901 1338 2947 gentem
1375 2895 1550 2936 aliarum
1585 2894 1776 2946 gentium
1810 2894 2047 2935 multitudi-

1165 2970 1279 3008 nem,
1324 2970 1422 2999 cum
1446 2957 1689 3010 elephantis
1723 2957 2046 3010 quatuordecim

1167 3021 1356 3074 reliquit.
1410 3021 1636 3061 Praeterea
1666 3021 1813 3061 classis
1844 3020 1926 3072 ipsi
1944 3019 2047 3060 data

1165 3088 1234 3124 est
1251 3083 1438 3124 maxima
1469 3083 1524 3123 ad
1554 3095 1643 3123 orae.
1676 3083 1903 3123 maritimae
1934 3087 2048 3123 tute-

1165 3147 1263 3187 lam.
1317 3145 1456 3195 Idem,
1474 3145 1649 3185 ibidem.

1218 3214 1239 3242 ‘1
1266 3207 1425 3248 Saltum
1441 3208 1674 3258 Pyrenaeum
1688 3205 1868 3258 transiit]
1897 3206 1950 3252 ld
1963 3210 2048 3258 est,

1165 3271 1340 3311 Montes
1375 3270 1625 3322 Pyrenaeos,
1662 3269 1735 3322 qui
1772 3269 1952 3311 saltibus
1999 3277 2047 3310 et

1164 3332 1296 3384 sylvis
1333 3332 1780 3385 circumducebantur,
1814 3338 2043 3387 postquam

1164 3393 1404 3436 Celtiberos
1433 3394 1623 3450 aliosque
1650 3407 1798 3437 earum
1823 3395 2043 3448 regionum

1164 3458 1333 3500 accolas
1354 3458 1527 3512 dejecit.
1579 3457 1692 3500 vide
1726 3458 1970 3514 Appianum
1998 3467 2044 3505 et

1162 3519 1286 3564 alios.
