2326 3860
655 260 658 262 ’
743 257 795 307 i.
859 258 1243 320 mmlAnnM,
1283 257 1506 309 ‹uir-⁵7.
1568 263 1570 265 ’

216 377 447 427 &maiia
500 378 628 426 Unde
647 382 762 438 ap'nd
781 385 976 438 Suidam,
989 389 1115 433 Bacis

216 448 311 494 λεὺς
327 447 467 502 μέγας,
492 449 515 489 ὁ
540 451 620 490 τῶν
637 451 808 502 Περσῶν.
841 448 933 490 τοὺς
958 448 1001 490 δὲ
1029 449 1100 490 ἅλ-

216 519 312 553 λους
327 512 609 566 προσετίθεσαν
625 513 690 554 καὶ
708 515 787 553 τῶν
809 510 1033 566 ἀρχομένων
1049 512 1103 554 τὰ

218 574 404 628 ὀνόματα,
432 574 515 618 otone
531 575 837 628 Λακεδαιμόνιοι,
869 577 1101 619 Μακεδόνες.

219 640 381 682 Quales
391 641 628 681 Turearum
643 641 952 694 Imperatores,
964 642 1037 695 qui
1054 654 1102 683 se

220 706 405 745 omnium
447 707 460 728 ‘
483 711 551 746 ter
585 705 827 757 Maximos’
858 706 1101 748 vocabant.

219 768 329 811 Quae
372 770 610 822 appellatio
659 770 713 810 ab
762 769 1118 822 Imperatoribus'

221 826 705 885 Constantinopolitanis
750 839 991 887 propagata
1034 839 1103 875 est

219 903 306 936 nna
323 908 422 936 eum
439 897 643 949 Imperio,
675 909 853 951 qnorum
874 903 1103 939 stemmata

219 959 493 1012 quadruplici
522 963 552 1007 β
571 960 887 1013 figurabantur:
915 959 1105 1006 βασιλεὺς

219 1020 433 1075 βασιλέων,
467 1022 689 1070 βασιλεύων
721 1025 943 1071 βασιλεῦσι.
991 1025 1103 1066 Ken-

220 1086 332 1128 chea.
775 1110 779 1115 <

238 1174 242 1178 ·
278 1149 380 1196 Quae
395 1149 438 1190 ia
455 1153 712 1204 oppugnando
726 1153 868 1206 oppido
885 1152 1106 1206 acceperat]

220 1212 292 1255 ste
311 1214 418 1256 Mss.
444 1221 491 1255 et
510 1215 750 1258 Lambinus.
804 1217 980 1271 Reliqui
991 1230 1104 1269 cepe·

219 1281 300 1318 rat.
369 1277 423 1318 In
454 1279 624 1320 Dione:
652 1279 870 1333 ‘Accepit
904 1281 1106 1332 gravissi-

221 1353 335 1382 mum
355 1353 512 1394 parens
540 1343 693 1383 vulnus
726 1349 866 1385 morte
890 1343 998 1386 filii?
1051 1344 1105 1385 In

220 1405 420 1459 Epamin.
448 1409 461 1429 ⁶
477 1405 540 1447 At
558 1407 877 1460 Epaminondas
895 1421 989 1450 cum
1019 1410 1107 1450 ani-

220 1469 518 1511 madverteret
563 1470 831 1513 mortiferum
869 1473 1023 1513 vulnus
1061 1485 1107 1514 se

220 1533 465 1586 accepisse?
485 1533 540 1574 In
553 1535 745 1576 Datame
759 1549 771 1576 ε
787 1537 801 1559 ⁴
821 1537 965 1578 celans
978 1549 1109 1591 quan-

222 1602 315 1637 tum
349 1599 502 1638 vulnus
541 1599 818 1652 accepisset.’
874 1601 991 1642 Plin.
1026 1601 1111 1654 Ep.

221 1670 326 1701 vm.
345 1665 384 1702 5.
410 1661 423 1683 ‘
436 1661 582 1702 Grave
599 1663 752 1703 vulnus
773 1664 993 1705 Macrinus
1006 1677 1110 1706 >nos-

221 1729 292 1766 ter
333 1725 532 1779 accepit!
573 1725 738 1768 Savaro.
799 1726 1019 1778 Μιλτιάδης
1063 1728 1110 1770 ’δὲ

220 1788 338 1831 αἰπὺς
367 1788 441 1840 μὲν
469 1791 621 1845 παρεὸν
649 1791 720 1833 οὔκ
752 1791 1018 1845 ἀπελογέετο,
1061 1794 1112 1844 ἣν

220 1854 301 1907 γὰρ
324 1854 525 1908 bavaros,
555 1856 662 1897 ὥστε
692 1856 914 1908 σηπομένου
941 1859 1014 1898 τοῦ
1040 1873 1113 1908 μη·

222 1920 304 1972 pov.
339 1919 556 1961 Herodot.
602 1919 727 1962 Idem
747 1921 899 1973 tradit,
918 1922 959 1962 ei
979 1920 1112 1963 fuisse

222 1981 366 2024 femur
385 1984 651 2035 convulsum,
677 1996 752 2025 sen
770 1985 983 2037 luxatum,
1011 1985 1113 2026 dum

222 2045 385 2087 desiliit
405 2059 460 2086 ex
479 2046 635 2087 solario
656 2052 731 2087 ant
751 2047 953 2089 maceria.
974 2048 1113 2090 Lamb.

224 2107 314 2151 Alii
334 2109 556 2162 putridum
583 2108 748 2150 factum
777 2110 845 2152 vel
874 2116 1114 2154 emortuum

224 2172 391 2212 volunt.
461 2172 670 2213 Nonnulli
717 2172 771 2213 ad
809 2173 1114 2216 siderationem

225 2235 494 2288 pervenisse,
514 2236 860 2288 interpretantur
877 2250 932 2279 ex
955 2239 1112 2280 Celso:

226 2297 341 2351 quod
379 2298 604 2351 probabile
645 2299 835 2353 videtur,
871 2303 1114 2354 praesertim

226 2369 323 2403 eum
344 2372 399 2401 ex
418 2360 591 2403 diversa
623 2373 753 2404 causa
781 2365 1011 2417 apoplexia
1030 2365 1114 2406 ori-

225 2423 368 2476 ginem
411 2425 578 2475 trahat3
627 2431 677 2467 ut
715 2427 899 2469 miratur
940 2429 1113 2470 Fernel.

226 2488 359 2531 Path.
380 2488 453 2530 lib.
471 2500 516 2529 v.
535 2492 574 2530 8.
602 2491 806 2534 Kenchen.

304 2551 534 2605 Tisagoras]
589 2552 826 2606 Stesagoras
862 2554 1115 2608 figmentum

226 2615 448 2668 Longam:
479 2629 575 2657 cum
594 2623 746 2659 eontra
778 2625 921 2662 exstet
952 2621 996 2661 in
1027 2634 1116 2662 om-

227 2677 353 2721 nibus
385 2679 505 2720 libris
541 2681 788 2733 Dixagoras.
844 2683 899 2725 P.
918 2684 1116 2724 Danielis

229 2748 440 2795 excerpta
472 2743 659 2796 sagam.
699 2745 876 2798 Vulgati
911 2747 1118 2797 Diagoras

227 2805 344 2847 nulla
365 2806 544 2848 ratione.
597 2809 759 2849 Verum
775 2810 843 2849 Cl.
858 2811 1116 2862 Rutgersius

229 2878 255 2909 e
293 2868 473 2910 Libanio
504 2870 675 2912 reducit
712 2872 936 2924 magam.
991 2874 1117 2915 Idet'n

225 2938 405 2973 accusat
442 2945 497 2973 ex
529 2933 755 2975 Herodoto
792 2936 967 2989 erroris,
1002 2937 1117 2990 quod

232 2995 371 3036 multo
389 3004 619 3050 antequam
637 2998 826 3039 Miltiadi
845 2999 927 3041 hoc
946 3001 1116 3042 accide-

229 3063 316 3106 ret,
335 3058 426 3111 jam
456 3059 631 3101 obiisset
650 3061 738 3102 ille.
770 3062 972 3105 Gebhard.
1027 3065 1117 3106 He-

230 3121 412 3163 rodotus
444 3134 618 3164 causam
649 3124 745 3176 ejus
778 3125 832 3165 ab
865 3126 1012 3167 amicis
1045 3128 1117 3167 de-

229 3183 394 3226 fensam
433 3186 638 3227 tradidit:
680 3187 1044 3239 ὑπεραπολογέοντο
1080 3190 1119 3230 ot

228 3246 353 3300 φίλοι·
382 3255 426 3289 et
445 3261 560 3297 mox,
579 3250 650 3297 τῆς
670 3249 804 3301 μάχης
820 3266 867 3292 τε
882 3253 955 3300 τῆς
972 3253 1014 3293 ἐν
1033 3258 1117 3293 Μα-

227 3312 366 3363 ραθῦνι
405 3311 542 3353 πολλὰ
576 3312 888 3365 ἐπιμεμνημένοι,
937 3313 1003 3354 καὶ
1042 3314 1117 3363 τὴν

228 3374 384 3427 Δήμνον
410 3375 570 3429 αἵρεσιν·
603 3377 654 3417 ὡς
684 3377 786 3419 ἑλὼν
814 3375 968 3428 Λῆμνόν
981 3392 1028 3418 τε
1051 3378 1117 3419 καὶ

227 3437 437 3489 τισόμενος
450 3438 544 3481 τοὺς
564 3438 814 3496 Πελασγοὺς,
838 3440 1036 3498 παρέδωκε
1053 3442 1116 3484 Ἀ-

227 3501 429 3555 θηναῖοισι.
457 3502 531 3547 lib.
550 3514 614 3548 vt.

1942 246 2067 311 42⁵5·

1219 387 1377 440 Capitis
1407 386 1620 441 absolutus,
1659 388 1824 441 pecunia
1860 379 2064 430 multatus*

1161 448 1238 501 est]
1268 449 1586 502 Προσγενομένου
1617 449 1659 492 δὲ
1689 452 1760 492 τοῦ
1790 449 1913 502 δήμου
1940 452 2052 504 αὐτᾷ

1161 512 1263 553 κατὰ
1291 513 1368 562 τὴν
1397 512 1588 555 ἀπόλυσιν
1604 516 1676 556 τοῦ
1697 515 1882 568 θανάτου,
1901 514 2045 567 §npud-

1163 589 1304 617 ‹ravros
1327 575 1371 617 δὲ
1396 577 1500 619 κατὰ
1527 577 1602 626 τὴν
1632 578 1782 629 ἇδικίήν
1803 579 2068 629 πενπήκοντα·’

1162 639 1362 682 ταλάντο.
1392 643 1559 683 Herod.
1625 652 1627 654 ·

1217 706 1392 746 Pecunia
1424 707 1636 748 mulctatus
1666 704 1744 759 est]
1793 709 1912 749 Leve
1961 713 2052 763 est,

1163 768 1279 820 quod
1301 774 1513 822 notamus,
1544 775 1688 810 tamen
1726 771 1826 824 quia
1858 771 2049 813 crebrius

1165 832 1368 882 occurrit,
1378 834 1508 872 semel
1517 834 1597 874 hoc
1611 834 1707 874 loeo
1721 833 2051 876 observandum.

1165 896 1359 936 Mulctari
1375 902 1420 936 et
1437 897 1599 936 multari
1617 897 1858 949 promiscue
1883 896 1985 938 κατὰ
2002 896 2055 937 τὰ

1165 958 1361 1009 εἰθισμένα
1408 960 1656 1000 scribebant
1687 966 1859 1001 veteres
1879 974 1891 1010 3
1937 960 2054 1002 unde

1164 1025 1353 1064 multatus
1370 1028 1428 1064 est
1448 1024 1492 1064 in
1512 1023 1758 1076 Excerptis.
1788 1024 1874 1064 Sed
1894 1024 1937 1064 in
1959 1024 2059 1065 aliis

1164 1088 1355 1128 mulcatus
1376 1091 1449 1138 est,
1474 1099 1554 1139 pro
1571 1089 1799 1137 mulctatus,
1819 1088 1890 1128 vel
1908 1089 2056 1129 multa·

1166 1155 1246 1201 tas,
1281 1162 1377 1203 quae
1396 1150 1529 1190 verba
1548 1152 1660 1191 male
1680 1147 2004 1193 confunduntur
2027 1165 2054 1193 a

1165 1213 1434 1254 literionibus
1469 1214 1671 1266 vulgatis.
1737 1214 1852 1255 Nam
1885 1217 2067 1258 mulcere·

1168 1282 1236 1317 est
1251 1276 1435 1330 aliquem
1447 1277 1698 1318 verberibus
1711 1278 1932 1330 excipere,
1944 1279 2067 1321 unde·

1168 1340 1365 1380 Mulciber
1378 1341 1600 1381 :mulctare
1613 1353 1715 1382 vero
1730 1340 2060 1395 πληστηριάζειν,

1169 1415 1336 1456 poenam
1369 1404 1660 1456 pecuniariam
1690 1404 1820 1444 alicui
1851 1406 2061 1458 irrogare,

1169 1480 1195 1508 a
1213 1470 1352 1521 multa,
1377 1468 1502 1520 cujus
1521 1467 1732 1520 originem
1769 1467 1824 1507 ad
1854 1468 2059 1512 Sabinam

1169 1532 1355 1584 linguam
1375 1529 1513 1572 refert
1539 1531 1682 1572 Varro
1714 1531 1759 1570 in
1787 1530 2062 1583 undevigesi-

1167 1607 1237 1637 mo
1256 1595 1392 1648 antiq.
1411 1595 1638 1635 humanat.
1695 1594 1817 1634 Nihil
1851 1592 2059 1648 frequen·

1169 1659 1254 1699 tius
1273 1659 1316 1699 in
1335 1658 1455 1698 libris
1477 1656 1684 1708 occurrit,
1720 1668 1845 1710 quam
1876 1657 2061 1699 mutatio

1170 1721 1320 1764 harum
1339 1722 1563 1762 literarum
1579 1719 1776 1761 invicem.
1804 1721 2006 1762 Kenchen.

1226 1786 1364 1836 anue
1382 1784 1431 1824 lis
1448 1782 1740 1836 quinquaginta·
1772 1783 1932 1823 talentis
1955 1783 2064 1824 «επὶ-

1173 1853 1282 1889 mata
1301 1847 1379 1900 est]
1426 1847 1482 1887 Id
1516 1851 1598 1898 est,
1627 1858 1853 1886 aureorum
1887 1847 2063 1899 triginta

1174 1912 1376 1965 millibus,
1404 1911 1440 1952 si
1459 1910 1627 1952 Budaeo
1663 1909 1910 1950 adhibenda
1938 1909 2060 1951 fides.

1174 1977 1354 2028 Magius.
1411 1975 1553 2016 Litcm
1579 1974 1812 2021 aestimare,
1851 1979 1964 2015 teste
1982 1974 2063 2015 As-

1176 2042 1302 2083 eonio
1323 2040 1540 2090 Pediano,
1561 2043 1627 2078 est
1648 2038 1889 2090 pecuniam,
1908 2037 1961 2078 de
1980 2051 2065 2092 qua

1175 2105 1228 2145 lis
1247 2103 1344 2155 fuit,
1371 2108 1418 2144 et
1452 2102 1634 2154 propter
1667 2112 1795 2153 quam
1832 2100 1931 2140 reus
1962 2112 2066 2141 con·

1176 2168 1404 2209 demnatus
1425 2173 1511 2219 est,
1546 2167 1589 2207 in
1610 2179 1816 2209 summam
1851 2165 2064 2219 redigere.

1177 2233 1354 2274 Cimone
1372 2246 1383 2272 :
1412 2232 1425 2255 ‘
1441 2232 1550 2272 Cum
1571 2235 1699 2284 pater
1732 2231 1821 2282 ejus
1841 2230 1959 2270 litem
1981 2242 2063 2270 aes·

1175 2296 1373 2336 timatam
1410 2295 1570 2348 populo
1590 2294 1760 2334 solvere
1779 2305 1863 2333 non
1885 2291 2064 2345 posset?

1175 2359 1425 2409 'l'imothe0;
1467 2357 1596 2398 ‘Hoc
1628 2356 1799 2409 judicio
1835 2356 2067 2396 damnatur

1175 2422 1437 2473 Timotheus,
1496 2422 1634 2473 lisque
1687 2420 1778 2472 ejus
1827 2420 2066 2460 aestimatur

1178 2491 1352 2527 centum
1371 2484 1575 2526 talentis!
1628 2483 1785 2525 Vellei.
1804 2482 2063 2523 Paterculus

1176 2550 1255 2591 lib.
1275 2560 1326 2592 11.
1345 2553 1386 2590 8.
1405 2549 1419 2571 ‘
1437 2549 1473 2588 C
1504 2549 1610 2588 Cato
1629 2546 1880 2599 consularis,
1901 2547 1965 2588 M.
1983 2547 2065 2587 Ca-

1180 2614 1293 2656 tonis
1308 2624 1460 2666 nepos,
1476 2610 1672 2651 Africani
1690 2610 1846 2651 sororis
1857 2609 1985 2661 filius,
1998 2622 2067 2651 re·

1179 2676 1468 2730 petundarum
1487 2687 1541 2715 ex
1558 2674 1819 2714 Macedonia
1838 2674 2067 2716 damnatus

1180 2745 1262 2787 est,
1281 2750 1378 2780 cum
1396 2739 1449 2779 lis
1468 2744 1651 2791 quatuor
1670 2737 1859 2777 millibus
1879 2739 2065 2779 aestima-

1160 2802 1326 2844 retur!
1383 2801 1532 2843 Caesar
1564 2801 1675 2842 Bell.
1697 2800 1813 2842 Gall.
1844 2800 1919 2843 lib.
1954 2812 1998 2843 V.
2025 2805 2066 2844 2.

1179 2867 1192 2890 ‘
1215 2866 1416 2907 Arbitros
1435 2866 1550 2906 inter
1568 2863 1768 2904 civitates
1800 2863 1894 2917 dat,
1926 2864 2000 2918 qui
2019 2865 2068 2904 li-

1180 2937 1268 2974 tem
1307 2930 1526 2971 aestiment
1561 2938 1824 2980 poenamque
1860 2927 2068 2979 constitu-

1181 2994 1284 3035 ant.’
1338 2993 1411 3034 Ita
1431 2991 1690 3033 creberrime
1722 2990 1914 3042 loquitur
1944 2991 2068 3031 Cice-

1181 3069 1245 3097 ro.
1288 3057 1388 3097 Val.
1417 3055 1538 3095 Max.
1563 3053 1640 3094 lib.
1660 3065 1704 3094 v.
1733 3055 1773 3094 3.
1791 3056 1835 3093 2.
1861 3053 1877 3078 ‘
1897 3064 2067 3105 poenam

1179 3119 1333 3170 finire‚'
1360 3130 1442 3172 pro
1461 3117 1629 3158 eodem.
1661 3115 1863 3156 Gebhard.
1896 3116 1982 3157 Sed
2000 3121 2065 3157 ta-

1180 3184 1344 3223 lentum
1361 3183 1530 3223 varium
1546 3178 1664 3231 apud
1691 3179 1894 3219 Veteres.
1950 3177 2066 3221 Nam

1180 3245 1393 3293 Atticum,
1406 3242 1645 3289 affirmante
1659 3240 1749 3282 Jul.
1761 3240 1958 3295 Polluce,
1970 3253 2069 3284 sex.

1180 3308 1327 3359 aginta
1354 3307 1440 3348 fuit
1471 3306 1691 3347 minarum.
1745 3301 1881 3344 Aliud
1918 3315 2067 3347 rursus

1180 3372 1480 3426 Babylonium,
1499 3369 1612 3410 aliud
1628 3367 1799 3421 Syrium
1817 3373 1863 3408 et
1881 3369 2066 3422 AEginoe.

1180 3448 1266 3478 um.
1318 3435 1467 3477 Verba
1501 3433 1596 3487 ejus
1626 3431 1703 3472 lib.
1722 3441 1790 3471 rx.
1820 3430 1864 3471 in
1894 3432 2066 3474 univer.

1179 3512 1271 3544 sum
1290 3502 1391 3544 sunt
1409 3498 1528 3540 haze:
1556 3492 1683 3538 Τοῦτό
1704 3508 1756 3548 γε
1773 3493 1851 3547 μὴν
1865 3494 1935 3542 οὐκ
1956 3494 2065 3540 ἄκαρ-
