2326 3860
801 244 838 293 ι.
900 242 1284 295 mamaeam,
1322 243 1458 289 eAr.
1495 231 1548 284 ’7.

249 362 406 414 110,Ιίδ.
424 367 489 410 tx.
509 368 550 407 1.
578 363 702 410 ‘2Jam
723 363 826 405 vilia
857 368 904 405 et
941 363 1138 405 obsoleta

251 440 345 471 esse
365 429 503 483 spolia
521 429 576 470 de
591 428 768 471 Persis!
814 428 910 470 Cic.
927 440 1007 481 pro
1028 427 1137 468 Fon·

251 492 354 536 teio.
381 492 395 515 ⁴
411 491 566 544 Studia
584 492 788 535 militaria
803 492 917 546 apud
929 494 1134 545 juventu-

249 561 339 596 tem
376 555 599 597 obsoleta.’
671 557 765 597 Sic.
796 557 809 580 ⁴
837 555 1134 598 obsolescere'

250 619 411 672 passim
431 631 510 672 pro
529 620 759 661 vilescere.
789 618 991 661 Gebhard.

254 734 258 740 ι
287 681 492 734 -Namque
529 682 620 722 huic
666 682 869 733 Miltiadi]
937 682 1132 725 Alterum

247 742 460 788 Miltiadis
495 744 718 796 praemium
746 750 845 789 sunt
875 749 1044 797 tropaea
1078 758 1134 785 ex

243 806 429 853 hostium
449 807 679 858 manubiis,
698 808 852 861 quibus
871 821 916 851 se
936 821 963 850 a
982 822 1132 851 somno

243 870 437 924 qnotidie
454 872 640 914 excitari
664 873 868 926 jactabat
892 874 1132 916 Themisto-

243 933 348 975 cles.
390 933 556 976 Auctor
586 937 751 982 Tullius
769 949 831 978 tv.
875 937 1052 983 Tuscul.
1085 943 1142 981 et-

245 996 366 1049 Plut.
395 998 550 1039 Schott.
608 1000 854 1053 Descripsit
875 1006 1020 1050 autern
1039 1001 1131 1043 Ne·

243 1071 324 1113 pos
344 1060 483 1114 locu-m
505 1074 559 1102 ex
579 1062 774 1104 oratione
801 1063 1011 1105 AEschinis
1040 1066 1133 1106 rbe-

243 1122 348 1166 toris
362 1132 515 1167 contra
528 1126 977 1179 Demosthenem,aive
991 1128 1131 1170 Ctesi-

242 1187 447 1240 phontem
463 1201 473 1228 :
506 1187 747 1241 προσέλθετε
762 1188 829 1231 οὖν
842 1193 895 1245 τῇ
906 1190 1053 1246 διανοίᾳ
1065 1191 1132 1232 καὶ

242 1249 295 1306 εἰς
312 1250 388 1300 τὴν
399 1251 525 1305 στοὰν
541 1253 615 1302 τὴν
626 1253 822 1303 ποικίλην.
853 1253 1035 1297 ἁπάντων
1052 1256 1131 1309 ’γὰρ

242 1316 332 1366 ὑμῖν
348 1319 428 1357 τῶν
442 1320 575 1358 καλῶν
592 1317 715 1372 ἔργων
742 1319 996 1371 ὑπομνήματα
1014 1321 1058 1361 ἐν
1079 1324 1131 1376 τῇ

242 1379 367 1434 ἀγορᾷ
380 1380 593 1423 ἆνόκειται’
609 1382 650 1423 τί
661 1381 728 1429 οὖν
736 1385 862 1437 ἐστιν,
873 1383 904 1424 ὦ
918 1385 1128 1438 Ἀθηναῖοι,

240 1443 263 1487 δ
275 1445 354 1495 ἐγὼ
365 1443 497 1497 λέγως
527 1447 694 1488 ἐνταῦθα
706 1447 732 1497 ἦ
747 1449 788 1490 ἐν
799 1451 1004 1502 Μαραθῶνι
1017 1448 1130 1502 μάχη

238 1506 471 1560 γέγραπται.
505 1509 565 1551 τίς
582 1509 651 1551 οὖν
669 1510 718 1559 ἣν
740 1512 762 1552 ὁ
788 1512 1036 1566 στρατηγόςς
1066 1515 1130 1555 οὑ-

236 1572 334 1634 ·ιξωσὶ
343 1571 417 1623 μὲν
430 1573 685 1627 ἐρωτηθέντες
697 1573 866 1617 ἅπαντες
883 1576 1128 1630 ἀποκρίναισ-

238 1641 280 1692 qt
299 1637 359 1681 ,ἂν
389 1637 450 1679 ὅτι
482 1637 713 1688 Μιλτιάδης.
743 1640 826 1680 ἐκεῖ
841 1638 884 1681 δὲ
902 1641 973 1682 οὐκ
997 1640 1128 1693 ἐπιγέ-

235 1715 421 1755 wamm-
452 1704 555 1754 πῶς,
578 1703 648 1760 οὐκ
661 1702 786 1757 ᾔτησε
795 1704 870 1753 τὴν
881 1706 1024 1758 δωρεὰν
1036 1705 1128 1747 ταύ-
1158 1735 1160 1737 -

235 1778 335 1815 την,
375 1763 536 1818 ᾔτησεν,
561 1766 655 1807 ἀλλ’
681 1767 703 1806 ὁ
727 1769 846 1816 δῆμος
871 1768 942 1808 οὐκ
970 1767 1126 1822 ἔδωκεν,

237 1828 330 1878 ἀλλ’
363 1828 452 1870 ἀντὶ
478 1830 551 1870 τοῦ
566 1829 754 1879 ὀνόματος
770 1831 1043 1885 συνεχώρησεν
1061 1834 1127 1874 αὗ-

235 1894 292 1943 τΰ
313 1891 452 1946 ἀρότῳ
483 1895 681 1946 ’γραφῆναι
716 1897 1008 1947 παρακαλοῦντι
1034 1896 1128 1938 τοὺς

235 1954 493 2008 aperueras.
538 1956 702 2008 Longoz.
771 1959 889 2011 Lege
924 1960 1045 2002 Plut.
1082 1961 1126 2002 in

236 2021 428 2068 Cimone.
455 2021 564 2060 Rem
582 2022 851 2074 tangitPlin.
870 2023 899 2063 l.
920 2034 1065 2065 xxxv.
1085 2029 1125 2067 8.

233 2085 385 2130 Fuisse
404 2091 548 2129 autem
575 2084 689 2124 hunc
721 2085 924 2127 honorem
944 2088 1126 2128 athleta-

236 2161 344 2200 tum,
371 2153 419 2189 ut
439 2148 492 2189 iis
519 2149 663 2190 icones
692 2150 745 2196 ad
776 2150 919 2194 vivum
948 2163 1125 2203 expres-

234 2225 293 2254 sae
342 2219 621 2265 ponerentur,
669 2212 798 2259 docet
848 2213 948 2258 Pet.
983 2215 1125 2257 Faber

234 2275 375 2330 Agon.
395 2276 468 2318 lib.
489 2288 541 2319 ιι.
562 2279 631 2316 21.
663 2275 863 2321 Senonas.
1107 2268 1113 2276 ’

251 2380 256 2385 ,
293 2340 395 2386 Qua·
416 2339 562 2381 Poecile
580 2341 761 2393 vocatur]
788 2339 829 2382 A
849 2341 1034 2393 picturae
1054 2355 1129 2384 va·-

234 2404 408 2447 rietate.
454 2404 643 2445 Pausan.
703 2403 885 2449 Aristid.
947 2405 1123 2447 ποικιλία

234 2468 364 2519 enim,
399 2468 491 2508 sive
510 2466 716 2520 ποίκιλμα,
732 2467 966 2514 varietatem
993 2469 1122 2514 deno·

234 2538 323 2585 tat:
352 2530 546 2572 tormine
564 2543 665 2578 vero
683 2531 798 2578 idem
826 2538 893 2578 est
921 2534 1033 2586 quod
1053 2547 1119 2574 va·

231 2598 357 2650 tiego.
413 2597 542 2640 Unde
563 2595 824 2639 Aristoteles
860 2595 914 2636 de
934 2596 1118 2639 Animal.

224 2672 303 2718 3¹·
326 2664 364 2703 1.
393 2672 516 2703 avem
535 2660 682 2703 colore
710 2659 872 2705 variam
913 2661 925 2683 ‘
944 2660 1117 2702 Poecili-

230 2721 330 2765 dem
352 2723 364 2742 '
394 2731 539 2764 vocat.
569 2724 688 2774 Mag.
732 2722 900 2773 Ποικίλη
919 2730 1019 2765 ante
1036 2740 1118 2767 πει-

231 2785 474 2831 ematur-202
495 2789 628 2829 dicta.
659 2788 782 2830 Idm.
805 2789 932 2831 Gemi.
952 2789 1116 2841 Longot.

232 2852 405 2894 Nomen
429 2856 642 2893 mutatum
677 2850 761 2894 fuit
787 2852 1018 2905 Phanippo
1040 2855 1117 2895 im-

231 2920 414 2970 perante
438 2914 639 2966 Athenis,
668 2915 748 2956 sub
781 2927 866 2968 quo
895 2916 1115 2970 Maratho-

230 2981 347 3021 uium
386 2979 584 3032 praelium
635 2979 920 3021 commissum.
986 2980 1114 3032 Long.

228 3043 383 3084 Pictor
429 3042 554 3095 hujus
598 3041 787 3093 porticus
840 3043 1114 3096 Polygnotus

226 3106 406 3149 Thasius
443 3104 540 3146 fuit.
583 3104 724 3146 Lamb.
798 3104 1113 3159 Aglaophontis

226 3168 338 3213 filius
357 3177 404 3209 et
433 3168 686 3219 discipulus.
720 3169 846 3218 Gelan.
901 3171 986 3213 Qui
1016 3184 1110 3213 eam

227 3234 319 3274 sine
348 3233 436 3273 ulla
473 3230 688 3281 mercede,
724 3232 799 3272 sed
837 3233 892 3272 ob
927 3235 1110 3286 gratiam

225 3297 437 3339 duntaxat
469 3306 574 3348 erga
607 3295 756 3335 urbem
785 3296 1006 3349 adductus,
1038 3298 1110 3339 de-

231 3361 388 3414 pinxit.
404 3360 521 3410 Mog.
559 3357 687 3410 Diog.
706 3358 852 3402 Laert-
872 3359 914 3403 iu
933 3360 1108 3402 Zenone

226 3439 331 3471 vm.
361 3421 656 3476 ,Ἀναςιάμπτυν
693 3421 737 3466 δὲ
761 3424 824 3467 ,ἐν
860 3426 913 3478 τῇ
951 3423 1108 3480 ποικίλῃ

1978 227 2090 316 ⁴22³

1201 365 1318 416 στοᾷ,
1347 365 1401 416 τῇ
1427 362 1492 403 καὶ
1521 358 1818 412 πεισιανακτείῳ
1851 358 2095 413 καλουμένῃ,

1201 426 1284 468 απὸ
1305 425 1347 467 δὲ
1362 428 1435 474 τῆς
1451 427 1607 479 γραφῆς
1624 427 1696 465 τοῦ
1714 423 1977 474 Πολυγνώτου
2001 418 2088 463 ποι·

1198 490 1305 544 κίλῃ.
1358 490 1472 531 Vide
1510 495 1558 531 et
1594 489 1824 530 Scholiast.
1861 486 2086 528 Aristidis.

1199 554 1370 596 Etenim
1392 554 1528 605 prima
1548 553 1737 606 pictura,
1774 563 1858 605 qua
1889 553 2093 604 porticus

1197 618 1283 660 ista
1302 619 1479 672 depingi
1513 619 1663 670 coepit,
1681 616 1970 658 ¹Marathonia.
2001 616 2087 657 fuit

1197 693 1355 734 pugna,
1369 682 1587 734 adscripto
1603 682 1684 721 hoc
1701 680 1886 721 disticho
1904 692 1915 718 t
1941 678 2086 728 *Ελλή-

1196 759 1272 786 νων
1308 745 1603 798 προμαχοῦντες
1637 746 1833 793 Ἀθηναῖοι
1879 745 2085 796 Μαραθῶνι

1185 808 1391 849 ‘Enemase
1409 807 1550 857 Μήδων
1569 809 1690 849 εἴκοσι
1707 806 1903 861 μυριάδας.
1958 808 2010 848 In
2030 819 2084 849 eo

1181 874 1505 927 ,epigrammate
1559 885 1758 914 numerus
1792 871 1880 912 κατ’
1925 870 2083 923 ἐξοχὴν,

1193 936 1420 988 mendacio
1457 949 1585 989 supra
1622 937 1848 978 veritatem
1888 933 2081 978 effertur.

1193 1001 1377 1043 Variant
1393 1001 1549 1054 alioqui
1568 1014 1593 1042 a
1609 1002 1753 1042 Probo
1772 1013 1917 1043 omnes
1936 1000 2083 1043 Graeci

1194 1065 1421 1106 Historici.
1441 1065 1571 1116 Long.
1610 1065 1698 1106 Sed
1717 1065 1977 1105 Plutarchus
1989 1077 2082 1105 mu·

1192 1130 1322 1171 lienes
1335 1130 1543 1184 quasdam
1563 1130 1681 1182 prius
1698 1129 1830 1169 fluisse
1844 1129 1987 1182 pictas
2007 1129 2081 1170 de-

1192 1199 1419 1236 monstrat.
1453 1195 1564 1245 Mag.
1621 1193 1750 1236 Quod
1788 1206 1886 1234 cum
1917 1194 2080 1234 Pausa·

1193 1258 1264 1298 nia
1295 1256 1419 1308 facit,
1439 1256 1864 1310 quiqMarathoniam
1891 1269 2078 1308 pugnam

1193 1322 1238 1361 in
1276 1326 1475 1361 extremo
1506 1320 1688 1374 picturae
1722 1319 1855 1361 fuisse
1887 1320 2087 1364 delineas

1194 1390 1298 1435 tam,
1335 1384 1486 1425 tradit.
1559 1383 1673 1425 Vide.
1709 1383 1809 1425 Jan.
1854 1385 2078 1436 Rutgersii

1192 1447 1413 1488 Var.lect.
1434 1446 1506 1488 lib.
1519 1458 1563 1488 v.
1578 1451 1615 1487 1.
1666 1447 1702 1488 Ι.
1718 1447 1898 1490 Meni-sii
1913 1446 2077 1494 Athen.

1193 1511 1363 1553 Atticas
1383 1511 1456 1552 lib.
1476 1523 1508 1552 1.
1527 1516 1568 1552 5.
1623 1511 1780 1552 Similis
1812 1512 1960 1552 Romae
1994 1510 2078 1554 fuit

1190 1576 1355 1627 Media,
1376 1577 1443 1616 vel
1476 1575 1668 1627 Medica,
1695 1574 1750 1615 de
1781 1588 1865 1629 qua
1893 1577 2076 1617 Petron.

1190 1641 1232 1681 in
1267 1641 1360 1681 Sat.
1415 1646 1462 1680 et
1500 1640 1692 1694 porticus
1729 1639 2074 1692 Argonautarum

1190 1704 1306 1758 apud
1326 1705 1379 1745 P.
1399 1705 1514 1745 Vict.
1569 1703 1731 1754 Poecile]
1751 1705 1802 1744 In
1824 1705 2075 1761 excerptis:

1189 1766 1368 1821 Ποικίλῃ.
1424 1768 1485 1809 Ut
1503 1766 1775 1820 ὀστρακισμὸς,
1794 1766 1910 1819 ἄστυ,
1926 1777 1971 1808 et
1989 1769 2076 1809 alia

1191 1833 1349 1874 Graeco
1387 1834 1641 1874 charactere
1670 1839 1716 1875 et
1751 1833 2074 1876 terminatione.

1188 1896 1391 1938 Keuchen.

1246 1961 1454 2002 Trecenta..
1471 1964 1624 2001 statuas
1641 1960 1845 2001 Demetrio
1858 1960 2072 2013 Phalereo]

1189 2025 1296 2068 Quae
1344 2038 1397 2065 eo
1448 2025 1545 2064 vivo
1596 2035 1756 2064 eversae
1794 2029 1907 2064 sunt.
1956 2023 2071 2068 Plut.

1189 2089 1382 2132 Narrant
1402 2087 1621 2128 historiam
1636 2087 1784 2128 Laert.
1798 2098 1840 2128 v.
1860 2093 1906 2128 et
1924 2088 2069 2129 Strab.

1189 2163 1255 2192 tx.
1285 2152 1449 2202 Longol.
1519 2151 1746 2192 Addendae
1788 2164 1970 2192 numero
2014 2152 2069 2193 ad

1187 2215 1407 2255 minimum
1457 2215 1684 2267 sexaginta
1720 2220 1893 2256 statuae.
1956 2217 2070 2258 Plin.

1186 2278 1245 2318 H.
1269 2278 1323 2318 N.
1356 2286 1519 2319 xxxxv.
1539 2282 1580 2318 6.
1626 2278 1831 2331 Sequitur
1863 2283 1910 2318 et
1930 2279 2069 2320 Varro

1184 2353 1407 2382 numerum
1446 2341 1718 2393 praedictum.
1779 2341 1934 2382 Strabo
1965 2355 2070 2396 quo-

1184 2417 1266 2458 que
1288 2405 1430 2457 plures
1450 2417 1574 2458 quam
1595 2410 1828 2457 trecentas,
1846 2406 2067 2458 Diogenes

1184 2468 1330 2509 Laert.
1377 2473 1596 2509 trecentas
1643 2469 1864 2520 sexaginta
1913 2470 2065 2511 refert.

1184 2532 1411 2582 Kirchmqy’.
1467 2532 1568 2573 Fuit
1585 2538 1727 2575 autem
1748 2533 1816 2573 hic
1846 2534 2065 2575 Deimetri'·

1181 2609 1230 2636 us
1251 2596 1393 2636 dictus
1430 2596 1665 2635 Phalereus
1686 2596 1739 2636 ad
1760 2595 2064 2650 differentiam,

1181 2672 1207 2700 a
1253 2658 1449 2699 Phalaris
1494 2658 1822 2700 Atheniensium
1864 2660 2061 2711 porticu:

1179 2722 1521 2776 eloquentissimi
1542 2721 1934 2774 Peripateticorum
1952 2724 2063 2765 The·

1180 2786 1376 2839 ophrasti
1391 2787 1623 2838 discipulus
1640 2787 1898 2839 primo,post
1913 2787 1969 2828 ob
1989 2801 2064 2828 ex-

1177 2850 1300 2890 imias
1335 2850 1519 2890 virtutes
1556 2850 1675 2891 annis
1703 2850 1853 2893 decem
1882 2851 2063 2903 praefuit

1178 2911 1525 2954 Atheniensibus.
1543 2912 1671 2957 Idem.
1707 2912 1836 2954 Alter
1854 2914 1958 2955 item
1974 2916 2060 2955 De-

1177 2970 1358 3016 metrius
1403 2975 1588 3016 Pharius
1634 2976 1750 3029 apud
1806 2978 2060 3020 Strabonem

1177 3042 1340 3094 Geogr.
1370 3052 1476 3082 vm.
1521 3040 1777 3082 emendante
1811 3042 2059 3084 doctissimo

1175 3105 1374 3147 Victoria
1403 3106 1503 3145 Var.
1524 3105 1629 3145 lect.
1667 3104 1739 3146 lib.
1762 3116 1839 3146 xx.
1860 3110 1898 3147 ⁴.
1939 3105 2059 3158 cnjus

1174 3169 1502 3220 castigationem
1517 3167 1743 3210 confirmat
1759 3168 1983 3208 Strabonis
1997 3169 2060 3209 lo·

1173 3243 1245 3280 cus
1265 3231 1375 3270 alter
1395 3230 1466 3271 lib.
1489 3242 1569 3270 νιι.
1590 3228 1957 3283 Φάρος,ἡπρότερος
1975 3229 2061 3272 nd.

1173 3307 1255 3346 ρος,
1279 3292 1442 3345 Παριῶν·
1473 3293 1514 3343 ἐξ
1539 3289 1585 3340 ἧς
1610 3291 1831 3347 Δημήτριος
1854 3295 1877 3335 ὁ
1903 3292 2057 3348 ⁴bitum.

1169 3357 1365 3400 Sclwttus.
1448 3413 1449 3416 Ἰ
1840 3366 1842 3370 ·

1223 3421 1332 3469 Cer.
1354 3424 1402 3469 7.
1459 3419 1556 3461 Post
1585 3420 1656 3465 Ιιοσ
1684 3422 1867 3473 praelium
1893 3425 2065 3469 classem.
