2326 3860
299 195 408 249 408

299 325 492 380 Κυψέλου,
522 327 593 368 ἐων
610 326 731 376 οἰκίης
750 329 1099 382 τεθριπποτρόφου,
1129 329 1184 370 τὰ

297 388 370 441 μὲν
386 388 571 431 ἀνέκαθεν
601 391 668 432 ἀπ’
699 391 843 432 Αἰακοῦ
870 408 917 433 τε
941 393 1005 433 καὶ
1022 392 1182 444 Αἰγίνης

295 455 484 507 γεγονώς,
509 454 562 495 τὰ
596 453 639 496 δὲ
672 455 839 508 νεώτερα
876 458 1088 508 Ἀθηναῖος,
1118 462 1180 496 ‹1³1-

294 518 421 569 λαίου,
437 519 510 559 τοῦ
523 515 688 560 Αἴαντος
698 519 847 570 παιδὸς,
856 519 1067 572 ’γενομένου
1082 521 1180 574 πρῶ-

293 596 365 622 του
381 583 452 629 τῆς
468 581 589 632 οἰκίης
601 582 746 632 ταύτης
759 582 974 633 Ἀθηναίου.
994 584 1179 627 Lambin.

351 646 494 687 Gloria
511 647 724 699 maiorum]
765 648 872 688 Tum
897 652 1078 700 propter
1095 648 1178 688 Co-

292 707 434 760 drum,
448 709 503 749 ad
518 709 880 763 queereferebat
894 723 1028 763 genus
1042 710 1178 763 suum,

293 771 350 812 de
369 784 454 825 quo
471 773 628 815 Vellei.
659 773 734 814 lib.
755 785 786 814 1.
814 777 855 814 2.
887 779 976 815 tum
997 775 1178 828 propter

292 835 383 886 eJus
412 840 610 887 posteros
638 837 712 890 qui
743 847 907 878 cccvn.
939 849 1072 879 annos
1090 850 1176 879 non

291 898 535 951 interrupta
570 900 842 941 successione
876 899 995 954 digni
1041 900 1176 942 habiti

289 966 403 1003 sunt.
433 963 588 1004 Rauen.

344 1026 562 1078 Modestia]
605 1028 677 1068 De
714 1027 891 1068 Nerone
929 1028 1176 1069 Germanici

293 1089 343 1130 C.
363 1089 504 1131 Tacit.
538 1090 694 1132 Annal.
723 1102 789 1132 xv.
828 1094 895 1131 15.
946 1090 1174 1133 ‘Aderant

280 1152 435 1203 juveni
467 1153 682 1194 modestia
716 1166 767 1194 ac
804 1152 944 1194 forma
968 1154 1173 1207 Principe

288 1216 378 1256 viro
397 1215 555 1268 digna!
586 1216 784 1258 Gebhard.
839 1218 1041 1258 Modestia
1059 1230 1173 1258 max-

286 1280 364 1320 ime
382 1279 567 1333 floreret]
603 1282 670 1321 De
701 1281 913 1322 Miltiadis
946 1282 1172 1333 modestia,

285 1355 412 1395 quam
438 1342 690 1385 adolescens
723 1344 933 1396 exhibuit,
966 1345 1072 1384 nihil
1101 1345 1171 1386 hic

282 1405 425 1456 l'egas3
473 1405 528 1446 ad
559 1418 654 1447 eam
691 1418 810 1458 ver0,
849 1419 942 1460 quae
978 1407 1022 1447 in
1055 1407 1171 1448 virili

284 1469 423 1510 eluxit
443 1474 588 1523 aetate,
607 1469 771 1510 referre
796 1469 924 1510 licet:
955 1469 998 1510 in
1016 1469 1068 1511 iis
1084 1483 1171 1512 om-

282 1530 408 1572 nibus
428 1531 541 1571 enim
560 1531 901 1573 moderatissime
918 1544 965 1574 se
986 1534 1169 1623 gessisse

282 1593 426 1635 docet.
454 1595 653 1636 Buchner.

341 1658 472 1710 Talem
488 1659 693 1712 satarum]
720 1658 870 1701 Codex
890 1628 944 1702 P.
959 1658 1169 1714 Danielis,

281 1723 399 1764 talem
412 1736 497 1763 eum
505 1723 708 1773 futurum.

335 1786 511 1850 Accidit,
528 1790 574 1826 ut
596 1786 871 1839 Athenienses]
912 1752 1164 1829 Herodotus

278 1850 354 1890 lib.
388 1861 456 1891 v1.·
490 1851 531 1892 3.
563 1849 643 1891 hoc
674 1850 896 1900 Pisistrati
926 1852 1164 1910 tyrannidis

280 1919 474 1965 tempore
502 1912 666 1954 factum
689 1914 859 1966 scribit,
877 1919 926 1955 ut
941 1915 1040 1956 huic
1058 1917 1164 1958 Pro-

277 1977 323 2017 bi
350 1976 443 2018 loco
463 1977 646 2017 maxime
675 1977 941 2019 adversetur.
983 1978 1162 2032 Magius.

278 2041 370 2082 Aut
402 2041 517 2082 aliud
548 2041 705 2094 agebat
738 2041 923 2095 Probus,
951 2042 1050 2091 cum
1080 2043 1161 2086 hoc

278 2105 469 2157 scripsit,
486 2110 562 2145 aut
591 2105 777 2158 aliquem
805 2105 1009 2148 Graecum
1028 2108 1161 2151 histo·

276 2167 414 2208 ricum
435 2168 508 2220 qui
540 2179 624 2208 non
657 2173 818 2221 exstet,
848 2169 901 2210 ab
933 2170 1160 2215 Herodoto

274 2229 398 2271 valde
414 2230 735 2283 discrepantem
749 2237 922 2273 secutus
938 2238 1018 2275 est.
1046 2234 1158 2275 Nam
1188 2281 1190 2283 ,

273 2306 370 2346 quae
390 2293 559 2335 Probus
573 2294 672 2335 huic
691 2293 895 2345 Miltiadi,
909 2297 1027 2348 cujus
1043 2310 1158 2339 nune

274 2358 406 2398 vitam
426 2357 592 2407 scribit,
609 2357 823 2410 attribuit,
839 2370 892 2398 ea
906 2358 1158 2401 Herodotus

273 2420 467 2460 Miltiadi
497 2420 688 2473 Cypselli
718 2419 823 2472 tilio,
850 2421 976 2475 huJus
994 2422 1157 2464 Miltia-

271 2483 337 2523 dis
354 2489 508 2535 patruo
524 2483 731 2525 adscribit
746 2484 821 2524 lib.
839 2496 902 2527 v1.
922 2485 1156 2529 Lambinus.

273 2546 412 2587 Notat
448 2547 541 2588 haec
589 2547 730 2588 verba
756 2548 894 2590 Janus
949 2549 1155 2603 Rutgers.

271 2611 374 2649 Var.
396 2611 520 2650 Lect.
540 2608 614 2651 lib.
634 2613 722 2652 ι.’9.
755 2613 973 2654 Boeclerus.
1021 2630 1023 2632 ·

328 2673 625 2726 Chersonesum]
650 2688 655 2694 s
680 2674 969 2726 Peninsulam‚
998 2690 1092 2730 ‘11¹ae
1127 2691 1154 2718 a

271 2736 377 2776 mari
412 2737 560 2788 AEgaeo
580 2738 719 2778 altera
746 2741 800 2778 ex'
820 2744 946 2790 parte
964 2740 1152 2781 alluitur.

267 2799 448 2839 Lambin.
479 2800 604 2840 Unde
621 2800 736 2841 illam
756 2802 1150 2855 Hellespontiacam

269 2861 375 2902 dicit
394 2861 563 2903 Suidas.
622 2863 732 2904 Haec
764 2870 833 2906 est
859 2866 1150 2908 Chersonesus

267 2926 468 2975 Thraciae
498 2925 755 2977 Ptolemaeo,
783 2940 909 2979 quam
937 2928 1152 2979 Παλλήνην

265 2994 420 3029 vocant
437 2989 678 3042 Stephanus
694 2995 740 3030 et
767 2990 1150 3045 Halicarnassaeus,

265 3055 384 3106 cnjus
402 3054 589 3095 Isthmus
609 3055 669 3096 ab'
679 3068 834 3097 occasu
849 3057 1024 3098 Melane
1039 3057 1149 3110 sinu,

261 3118 316 3157 ab
336 3124 432 3157 ortu
449 3118 716 3170 Propontide
728 3120 904 3160 alluitur
921 3135 931 3161 ε
961 3123 1148 3173 χερσαῖον

261 3181 515 3233 simpliciter
529 3181 721 3223 nominat
736 3183 1004 3236 Lycophron,
1020 3190 1146 3238 quam

260 3244 334 3282 alii
380 3243 533 3296 χεῤῥόν.
587 3245 838 3287 Breviatum
880 3247 984 3287 illud
1030 3248 1145 3301 apud

223 3349 228 3355 ,
261 3306 454 3359 Graecos,
472 3320 550 3360 pro
568 3307 818 3359 χερρόνησος.
863 3310 937 3351 Sic
957 3325 1047 3353 ποτ.
1065 3324 1144 3364 pro

260 3369 432 3420 ποταμὸς
467 3370 685 3423 dicebant,
726 3378 773 3413 et
805 3373 887 3418 alia
923 3381 1142 3417 sexcenta.

262 3434 357 3475 Nec
390 3432 547 3488 obstat,
577 3435 689 3488 quod
720 3435 1015 3480 indifferenter
1042 3439 1142 3482 scri-

683 210 860 250 NO'I'AE
902 210 1237 250 VAmoRUM
1277 211 1344 251 IN
1386 213 1439 252 C.
1482 213 1741 253 NEPOTIS

1246 329 1352 371 bant
1391 329 1631 383 ’χερρόνησος
1661 337 1708 374 et
1741 330 1997 384 χερσόνησος.
2049 333 2122 375 Sic

1244 393 1401 446 saepius
1420 395 1601 436 eandem
1613 411 1615 413 ·
1627 407 1716 436 rem
1736 395 1899 436 variata
1912 397 2123 449 voce-sig-

1241 455 1433 508 nificant,
1467 457 1522 497 de
1555 470 1640 510 qua
1672 458 1886 499 disserere
1923 470 2007 499 non
2052 463 2122 500 est

1240 519 1334 560 heic
1349 519 1536 561 instituti
1549 532 1711 561 norma.
1756 519 1842 561 Adi
1860 521 2123 563 Criticorum

1241 581 1419 632 scholas,
1438 582 1510 623 ubi
1540 588 1788 626 scrutantur
1811 584 1978 625 curiose
1995 584 2121 626 nimis

1239 643 1310 684 τὰς
1324 644 1366 685 ἐν
1383 643 1477 698 ᾅδου
1501 644 1723 698 τριακάδας.
1777 645 2121 700 Accedit,.quod

1238 706 1380 759 χεῤῥὸν
1393 720 1418 749 a
1430 705 1569 760 χέῤῥος
1582 708 1802 749 deducant
1814 709 2120 762 Etymologici.

1239 771 1366 814 Quod
1400 783 1487 812 non
1533 771 1836 824 improbarem,
1872 772 1954 813 nisi
1990 772 2117 815 aliam

1237 835 1389 875 scirem
1405 848 1430 875 a
1440 833 1529 886 χεὶρ
1544 841 1591 876 et
1609 837 1726 884 νῆσος
1739 835 1991 888 derivatam,
2006 849 2118 890 prae-

1238 897 1388 938 sertim
1402 910 1497 938 cum
1517 897 1573 939 sit
1592 898 1713 951 qnasi
1731 910 1860 939 manu
1879 899 2118 942 continenti

1227 960 1404 1012 junctus
1420 960 1656 1013 peninsulae
1671 961 1888 1003 circuitus.
1915 963 2119 1005 Keuchen.

1240 1025 1537 1079 Chersonesum]
1599 1026 1850 1068 Thracicam
1897 1027 2124 1080 intelligit,

1236 1100 1363 1142 quam
1400 1094 1444 1129 et
1480 1090 1493 1112 ‘
1524 1086 1736 1142 magnam’
1781 1090 1937 1131 strabo
1971 1098 2115 1134 vocat.

1236 1152 1347 1192 Nam
1380 1159 1480 1193 sunt
1521 1158 1567 1193 et
1607 1153 1704 1193 aliae
1742 1153 2023 1195 Chersonesi:
2067 1160 2116 1196 ut

1233 1215 1432 1267 Taurica,
1449 1215 1538 1257 sive
1569 1216 1786 1269 Scythica,
1818 1218 1862 1257 in
1880 1218 2049 1260 Euxino
2068 1223 2116 1261 et

1233 1278 1470 1329 Maeotide3
1496 1278 1659 1331 Aurea,
1673 1292 1801 1332 supra
1814 1279 2038 1334 Gangem,
2068 1287 2115 1323 et

1234 1341 1562 1397 Cymbria,quae
1596 1344 1738 1418 Dania
1765 1343 1892 1385 hodie
1923 1344 2114 1436 appella·

1233 1411 1316 1447 tur.
1345 1407 1546 1448 Buchner.

1283 1470 1476 1523 Delphos]
1522 1470 1611 1512 Ubi
1637 1470 1926 1524 ἆψευδέστατον
1940 1470 2111 1525 πάντων,

1230 1531 1419 1586 πρότερον
1435 1533 1758 1588 πολυχρήματον,
1770 1534 1850 1575 νυνὶ
1867 1533 1910 1576 δὲ
1924 1534 2113 1577 πενέσται-

1229 1611 1300 1637 τον
1318 1595 1431 1650 ἱερόν.
1458 1598 1629 1640 Strabo.
1673 1599 1829 1640 Solona
1855 1598 1983 1640 hodie
2011 1599 2114 1652 dici,

1231 1660 1380 1702 scribit
1416 1662 1583 1714 Niger3
1647 1662 1818 1714 Castri,
1848 1662 2111 1714 Sophranus.

1228 1726 1367 1767 Situm
1400 1725 1498 1767 vide
1523 1726 1638 1780 apud
1670 1725 1951 1768 Heliodorum
1980 1737 2034 1770 ιι.
2064 1732 2111 1768 et

1227 1790 1412 1843 Trogum
1430 1802 1560 1832 xxiv.
1588 1791 1791 1833 Keuchen.
2088 1809 2090 1813 ·

1282 1852 1555 1894 Deliberatum
1585 1853 1696 1894 missi
1711 1853 1822 1905 sunt]
1863 1855 1971 1896 Cum
2009 1855 2108 1896 Deo

1227 1916 1583 1959 consultationem
1634 1917 1805 1958 initum.
1877 1917 2109 1959 Deliberare

1226 1981 1341 2021 enim
1375 1986 1458 2032 est,
1487 1993 1584 2022 cum
1618 1982 1718 2023 Deo
1751 1980 2107 2024 deliberationem

1220 2041 1382 2095 habere
1398 2047 1526 2096 atque
1538 2043 1762 2084 instituere
1775 2057 1788 2094 3
1809 2043 2107 2099 referre,quod

1225 2105 1500 2158 coaptandum
1519 2112 1588 2147 est
1606 2106 1661 2147 ad
1680 2106 1902 2150 consilium
1930 2108 2106 2158 oraculi.

1225 2169 1376 2222 Nepos
1413 2169 1735 2210 Themistocle:
1781 2170 1794 2192 ⁴
1815 2169 2106 2213 Deliberanti·

1223 2231 1302 2272 bus
1334 2232 1496 2285 Pythia
1539 2231 1778 2285 respondit,
1812 2238 1861 2273 ut
1895 2233 2103 2282 moenibus

1221 2295 1374 2347 ligneis
1391 2308 1437 2336 se
1468 2295 1714 2338 munirent!
1771 2297 1910 2339 Cicer.
1937 2298 2104 2340 Quaest.

1221 2360 1391 2401 Tuscul.
1423 2360 1498 2402 lib.
1530 2373 1574 2402 ν.
1625 2363 1638 2384 ‘
1661 2361 1816 2402 Pueris
1861 2361 1987 2403 nobis
2024 2362 2103 2404 Cn.

1220 2421 1417 2464 Aufidius
1434 2423 1480 2464 in
1513 2424 1675 2465 Senatu
1704 2425 1963 2466 sententiam
1985 2423 2102 2467 dice-

1222 2486 1314 2538 bat,
1357 2499 1437 2528 nec
1473 2487 1620 2528 amicis
1653 2487 1989 2530 deliberantibus
2026 2487 2102 2530 de·

1219 2557 1314 2593 erat
1328 2551 1355 2593 :³
1386 2552 1428 2592 id
1443 2558 1527 2604 est,
1541 2553 1676 2606 ipsum
1688 2553 2008 2604 consulentibus
2030 2555 2099 2595 vel

1221 2615 1444 2655 consilium
1482 2615 1615 2668 ipsius
1659 2617 1922 2668 petentibus.
1979 2617 2101 2661 Nihil

1217 2683 1360 2718 autem
1380 2690 1517 2730 neque
1546 2678 1728 2730 publicae
1760 2691 1897 2732 neque
1917 2679 2099 2732 privatas

1217 2740 1281 2780 rei
1301 2741 1393 2780 sine
1410 2740 1590 2781 Oraculi
1603 2742 1864 2782 auctoritate
1881 2743 2100 2795 aggredie-

1217 2804 1383 2845 bantur.
1402 2804 1516 2846 Just.
1537 2815 1638 2846 vm.
1656 2808 1695 2846 2.
1729 2804 1928 2846 Gebhard.

1273 2867 1355 2913 Qui
1372 2866 1632 2918 consulerent]
1661 2868 2003 2909 Consule-bantur
2025 2869 2096 2910 Dii
2153 2893 2161 2899 ·

1214 2929 1269 2970 de
1290 2930 1418 2971 rebus
1438 2929 1595 2972 futuris
1609 2936 1654 2971 et
1665 2932 1902 2982 eventuris,
1919 2939 1967 2974 ut
1986 2933 2097 2975 Ora·

1195 3029 1199 3033 ,
1213 2993 1310 3033 cula
1328 2993 1523 3046 Delphis.
1552 2993 1782 3035 Salmasius.

1264 3056 1502 3109 Apollinem]
1545 3058 1631 3101 Qui
1651 3058 1764 3098 uude
1791 3058 1930 3100 dictus
1949 3058 2021 3109 sit,
2039 3071 2094 3100 ne

1212 3119 1381 3160 Graecis
1397 3120 1569 3173 quidem
1589 3127 1776 3173 constat,
1797 3127 1862 3162 tot
1881 3121 1935 3163 de
1951 3132 2004 3163 eo
2031 3119 2094 3162 fe-

1212 3182 1426 3223 briculosa
1445 3180 1765 3225 somniantibus.
1823 3184 2095 3236 Simplicissi·

1208 3257 1277 3286 me
1295 3258 1349 3285 ex
1374 3246 1469 3299 ipsa
1496 3246 1667 3289 Graecia
1699 3248 1861 3288 natales
1894 3247 1986 3299 ejiis
2016 3258 2092 3299 pe·

1209 3315 1302 3348 tere
1323 3314 1539 3361 poterant.
1595 3311 1675 3351 Est
1707 3310 1820 3350 enim
1849 3307 2091 3359 Ἀπολλύων,

1207 3373 1425 3424 Ἀπόλλων,
1454 3375 1652 3417 Hebraeis
1687 3376 1858 3425 ῙἸἹΖΒ.
1912 3377 2009 3417 Nisi
2026 3384 2090 3418 ta·

1205 3462 1302 3492 men
1319 3450 1373 3492 ab
1395 3431 1514 3503 ⁸728,
1527 3451 1637 3492 unde
1653 3433 1792 3490 ΠΒΒΒ
1811 3452 1877 3494 vel
1898 3433 2088 3504 ῙἺΒἮἈ»
