2346 3886
342 231 417 291 234
860 247 1245 288 'rsssrfflonm
1290 249 1367 288 m·
1405 243 1661 291 JUmclA

345 367 498 439 quod
524 371 741 437 quantae
767 368 1150 437 imprudentiae
1177 385 1242 423 ac
1269 370 1560 424 dementiae
1589 370 1810 424 fuisset!
1885 362 2050 425 Nunc
2075 376 2173 426 aui

342 457 475 517 tem,
502 452 777 520 Pompeio
796 460 848 505 et
874 452 1097 505 Caesare
1123 453 1261 506 inter
1286 472 1344 507 se
1367 455 1918 516 contendentibus‚-et
1939 462 2173 525 utroque

339 538 682 606 probabilem
722 555 788 590 ac
828 540 1140 607 speciosam
1171 539 1304 590 belli
1343 556 1568 591 causam
1597 539 1872 603 affere-nte,
1899 540 2060 609 quasi
2083 541 2174 594 vel

339 623 793 687 libertatemsvel
825 623 923 692 jus
963 625 1263 677 tribunitiae
1305 625 1628 693 potestatis,
1667 626 1755 676 vel
1791 627 2171 677 auctoritatem

343 714 586 770 senatUS,
627 713 681 760 et
705 708 853 774 leges
880 710 1158 777 antiquas,
1187 714 1243 762 et
1267 726 1472 762 morem
1514 709 1784 778 majorum
1825 710 2170 774 defendente,

339 793 535 862 populi
574 794 826 846 libertate
869 794 1101 862 denique
1131 794 1377 847 nondum
1411 810 1640 862 prorsus
1674 811 1966 863 oppressa,
2002 793 2172 858 libere

338 877 566 946 quidem
589 878 707 930 haec
732 879 1002 944 dicuntur,
1031 879 1133 931 sed
1156 895 1335 946 neque
1369 879 1766 947 imprudenter,
1795 886 1850 932 et
1878 881 1997 932 sine
2021 879 2170 948 peri-

340 963 486 1015 culo.
563 962 629 1015 In
667 963 1022 1033 Thrasybulo
1080 964 1245 1034 (vui.
1270 961 1350 1032 2.)
1387 965 1502 1017 sic:
1551 969 1567 992 ‘
1596 964 1796 1034 Neque
1837 971 2021 1017 tamen
2067 980 2171 1032 pro

339 1046 605 1114 opinione
627 1046 960 1116 Thrasybuli
987 1054 1167 1101 auctae
1208 1054 1339 1101 sunt
1377 1065 1548 1116 opes;
1584 1065 1713 1100 nam
1743 1051 1861 1118 jam
1901 1059 2013 1101 tum
2056 1050 2170 1103 illis

338 1133 684 1200 temporibus
727 1133 929 1185 fortius
970 1134 1101 1186 boni
1135 1149 1236 1202 pro
1281 1132 1534 1186 libertate
1570 1133 1954 1200 loquebantur,
2000 1146 2170 1202 quam

335 1217 692 1285 pugnabant?
767 1218 1054 1286 Significat
1097 1224 1290 1271 auctor
1331 1217 1498 1287 hujus
1525 1218 1674 1282 libri,
1711 1218 1966 1271 homines
1999 1220 2169 1272 etiam

334 1304 677 1372 temporibus
700 1303 830 1367 illis,
858 1304 1063 1372 quibus
1101 1305 1243 1356 vixit
1277 1303 1678 1372 ThrasybuluS,
1703 1304 2171 1371 quemadmodum

337 1387 476 1451 suiS,
511 1388 815 1456 paratiores
854 1389 925 1440 ad
961 1388 1360 1441 defendendam
1398 1389 1709 1440 libertatem
1747 1388 1923 1441 fuisse
1966 1388 2169 1453 verbis,

337 1488 507 1541 quam
527 1471 707 1526 factis.
784 1473 875 1525 Ex
903 1476 1013 1543 quo
1039 1475 1343 1541 intelligere
1359 1474 1513 1537 licet,
1535 1490 1660 1530 eum
1675 1475 1915 1527 libertati
1938 1473 2168 1537 favisse,

336 1562 392 1612 et
435 1573 470 1610 a
509 1558 765 1627 potentia
807 1560 1076 1627 singulari
1120 1560 1361 1611 animum
1401 1559 1643 1610 alienum
1679 1559 1978 1611 habuisse:
2018 1557 2172 1626 quod

334 1643 497 1709 longe
535 1658 699 1696 secus
739 1650 907 1708 esset,
950 1646 999 1697 si
1037 1643 1340 1697 Theodosii
1375 1648 1546 1696 aetate
1591 1643 1886 1696 floruisset.
1962 1642 2172 1696 Videat

335 1727 511 1781 lector
550 1734 608 1782 et
648 1743 777 1798 quae
823 1730 896 1783 ad
939 1729 1084 1782 hunc
1129 1730 1314 1782 locum
1366 1729 1774 1780 annotavimus·
1869 1727 1938 1780 In
1981 1728 2168 1782 Dione

333 1812 434 1883 (X.
460 1811 541 1883 9.)
578 1816 690 1868 sic:
749 1814 924 1879 ‘Hic,
973 1816 1117 1868 sicut
1154 1820 1277 1868 ante
1314 1830 1468 1883 saepe
1504 1814 1713 1867 dictum
1752 1818 1857 1878 est,
1895 1830 2062 1882 quam
2088 1814 2170 1867 in-

333 1897 459 1951 visa
482 1900 559 1952 sit
583 1898 877 1969 singularis
902 1887 1171 1970 potentia,
1194 1905 1250 1955 et
1274 1901 1588 1954 miseranda
1614 1902 1744 1964 vita,
1775 1900 1871 1968 qui
1897 1917 1957 1952 se
1981 1899 2169 1965 metui,

335 1995 500 2051 quam
533 1985 724 2050 amari,
765 1985 995 2052 malunt,
1031 1987 1212 2040 cuivis
1254 1986 1421 2039 facile
1453 1986 1737 2038 intellectu
1776 1985 1915 2038 fuit?
1986 1985 2169 2038 Etiam

333 2067 422 2121 hic
444 2068 603 2122 locus
630 2075 954 2137 argumento
991 2074 1094 2135 est,
1131 2087 1244 2124 non
1277 2069 1848 2138 solumvtyrannidem,
1873 2087 2002 2138 quae
2025 2075 2169 2123 sem-

332 2168 433 2221 per
456 2153 689 2223 injusta‚
715 2158 772 2206 et
797 2155 928 2208 odio
955 2155 1118 2222 digna
1154 2160 1260 2220 est,
1295 2171 1488 2208 verum
1525 2156 1690 2208 etiam
1716 2155 2048 2222 singularem
2070 2170 2170 2224 po-

322 2238 587 2304 tentiam,
614 2256 742 2309 quae
767 2244 952 2309 potest
977 2255 1104 2295 esse
1136 2241 1293 2310 justa
1326 2243 1381 2292 et
1413 2241 1626 2309 populo
1653 2245 1824 2307 grata,
1866 2239 2055 2308 qualis
2082 2242 2170 2292 est

325 2321 604 2390 justorum
639 2340 850 2393 regum,
893 2326 1022 2379 huic
1062 2327 1323 2395 scriptori
1358 2327 1603 2379 invisam
1639 2325 1832 2378 fuisse.
1907 2323 2081 2390 Quod
2117 2323 2169 2376 si

332 2408 423 2461 hic
461 2409 623 2475 liber,
663 2400 986 2465 Theodosio
1037 2413 1330 2481 imperium
1364 2413 1667 2476 obtinente,
1707 2412 1948 2480 scriptus
1993 2414 2168 2473 esset,

331 2492 483 2546 itane
505 2494 737 2548 licenter
762 2500 819 2549 et
844 2501 1031 2566 aperte
1051 2498 1219 2566 hujus
1244 2498 1375 2550 libri
1405 2497 1599 2566 opifex
1625 2497 1898 2550 adversus
1924 2495 2169 2564 singula·

333 2593 452 2631 rem
497 2581 825 2648 potentiam,
866 2598 997 2650 quae
1043 2582 1182 2635 nihil
1225 2583 1376 2635 aliud
1419 2586 1523 2641 est,
1569 2598 1739 2650 quam
1774 2600 2018 2651 μοναρχια
2065 2582 2169 2632 aut

330 2662 580 2730 βασιλεία,
606 2665 717 2718 hoc
740 2672 849 2731 est,
876 2682 1120 2735 regnum,
1142 2667 1274 2735 styli
1297 2667 1384 2719 sui
1406 2682 1717 2723 mucronem
1744 2665 2163 2719 destrinxisset'l

333 2749 404 2802 In
442 2751 836 2818 Epaminonda
875 2755 1006 2816 (xv.
1034 2754 1148 2816 10.)
1185 2753 1299 2804 sic:
1362 2755 1379 2778 ‘
1407 2750 1536 2815 Quo
1584 2758 1851 2819 tempore,
1891 2751 2031 2803 duce
2056 2751 2167 2805 Pe-

330 2834 545 2902 lopida,
584 2837 779 2888 exules
805 2837 1031 2889 Thebas
1066 2841 1432 2904 occuparunt,
1470 2839 1525 2887 et
1548 2835 1868 2903 praesidium
1896 2835 2166 2895 Lacedoe-

330 2920 641 2973 moniorum
688 2937 763 2973 ex
817 2938 944 2974 arce
993 2921 1343 2990 expulerunt,
1398 2920 1840 2987 Epaminondas»,
1897 2920 2166 2988 quamdiu

331 3005 488 3058 facta
511 3006 596 3057 es't
621 3006 803 3058 caedes
828 3007 1055 3071 civium,
1090 3007 1256 3059 domo
1278 3023 1338 3059 se
1364 3007 1568 3071 tenuit3
1608 3006 1758 3073 quod
1781 3021 1961 3073 neque
1985 3006 2166 3059 malos

331 3090 621 3144 defendere
647 3093 884 3156 volebat,
909 3108 1089 3161 neque
1117 3094 1458 3160 impugnare,
1482 3108 1549 3143 ne
1574 3107 1768 3142 manus
1790 3103 2012 3143 suorum
2037 3101 2166 3143 m·-

332 3176 497 3243 guine
521 3181 860 3230 cruentaret:
898 3193 1132 3253 namque
1160 3194 1376 3230 omnem
1414 3178 1637 3240 civilem
1666 3177 1954 3229 victoriam
1978 3175 2166 3251 funes-

332 3260 448 3313 tam
475 3259 743 3329 putabat!
815 3262 1057 3315 Videtur
1101 3264 1186 3315 his
1223 3264 1407 3315 verbis
1441 3266 1627 3313 noster
1668 3262 1907 3328 scriptor
1941 3258 2165 3316 ‹at-beni

330 3346 514 3398 civilis
553 3351 839 3411 auctoreS,
860 3348 1203 3416 ‘Pompeium
1242 3354 1300 3401 et
1339 3346 1636 3410 Caesarem,
1689 3348 1749 3399 in
1786 3360 1902 3415 quo
1948 3348 2164 3398 tantum

329 3432 617 3499 sanguinis
647 3433 834 3486 civilis
864 3432 1151 3501 profusum
1184 3433 1275 3497 sit,
1297 3437 1536 3495 notare,
1562 3436 1620 3484 et
1655 3431 1824 3485 tacite
1846 3428 2164 3498 Pomponii
