2346 3886
343 230 461 285 136
955 245 1258 287 couussnn
1301 246 1564 287 Nereius

342 368 596 422 exercitu
619 367 898 439 recipitur,
923 374 1241 438 praetorque
1275 367 1337 423 fit
1362 368 1514 438 apud>
1535 367 1794 443 Samum:
1833 369 2173 439 post‘suffra-

340 456 502 521 gante
527 453 893 507 Theramene²
914 453 1306 523 populiscito¹2
1343 454 1664 518 restituitur,
1701 448 1950 523 parique*
1969 455 2173 529 absens

340 537 575 606 imperio
611 531 916 607 praeficitur
945 538 1107 591 simul
1144 554 1271 592 cum
1317 538 1672 607 Thrasybulo
1707 543 1764 591 et
1809 538 2179 608 Theramene..

343 620 564 691 Horum
610 623 884 692 imperio¹³
925 628 1085 677 tanta
1131 623 1488 677 commutatio
1538 639 1715 676 rerum
1761 623 1931 678 facta·
1959 629 2067 688 est,
2115 629 2176 678 nt

342 703 779 777 Lacedaemonii,
807 707 902 777 qui
922 707 1092 776 paulo
1119 712 1242 761 ante
1265 707 1505 762 victores
1531 707 1839 775 viguerant,
1865 708 2177 776 perterritam

340 793 539 859 pacem
560 790 828 860 peterent.
884 790 1044 846 Victi
1067 794 1210 846 enim
1232 796 1384 846 erant
1408 792 1654 862 quinque
1675 792 1885 862 praeliis
1903 793 2176 847 terrestri*-

339 873 466 937 buS,
494 875 671 928 tribus
695 875 987 931 navalibus
1009 874 1046 931 :¹²
1082 877 1143 930 in
1168 877 1372 946 quibus
1398 877 1714 930 ducentas¹⁵
1739 891 1913 930 naves
1935 877 2176 935 triremes

342 959 659 1024 amiserant,
710 977 837 1031 quae
885 965 1069 1032 captae
1116 963 1174 1015 in
1222 962 1460 1016 hostium
1508 965 1772 1016 venerant
1817 964 2173 1030 potestatem.

340 1041 674 1116 Alcibiades
695 1046 861 1118 simul
897 1063 1026 1100 cum
1071 1047 1298 1120 collegis
1341 1051 1626 1117 receperat
1669 1046 1910 1111 Ioniam,
1950 1045 2179 1116 Helles-⁴

340 1132 594 1201 pontum,
621 1131 828 1186 multas
853 1137 1120 1202 praeterea
1141 1133 1306 1187 urbes
1345 1132 1602 1196 GraecaS,
1630 1147 1756 1200 quae
1790 1132 1846 1184 in
1881 1146 1981 1184 ora
2003 1130 2177 1185 sitae¹⁶

343 1219 474 1267 sunt
497 1213 682 1271 Asiae:
721 1233 954 1286 quarum
1001 1223 1388 1286 expugnarant
1429 1217 1746 1286 complures
1765 1221 1829 1282 3¹⁷
1866 1215 1925 1268 in
1949 1216 2037 1270 his
2062 1216 2175 1285 By-

341 1299 631 1373 zantium.c
729 1299 932 1371 Neque
979 1301 1166 1356 minus
1210 1303 1414 1357 multas
1463 1300 1696 1355 consilio
1752 1298 1825 1354 ad
1872 1299 2177 1356 amicitiam

1113 1441 1413 1461 OO‘OO‘COOJOO

342 1517 480 1560 Heus.
508 1517 685 1572 Bipont.
708 1519 795 1563 Ith.
816 1520 957 1574 Stav.]
990 1520 1079 1563 Sed
1098 1521 1212 1563 Licet
1242 1522 1326 1565 Ms.
1359 1521 1481 1564 Leid.
1506 1515 1548 1564 2.
1640 1521 1677 1562 οἱ
1695 1521 1775 1563 Ed.
1791 1521 1915 1564 Jens.
1934 1519 2055 1561 Med.
2074 1518 2177 1573 Arg.

339 1573 444 1613 Par.
473 1571 574 1615 Ald.
594 1575 733 1627 Long.
761 1575 886 1628 Mag.
914 1576 1065 1617 Lamb.
1100 1577 1270 1618 Keucb.
1298 1577 1401 1618 Bos.
1421 1581 1459 1619 1.
1487 1576 1590 1617 Pat.
1630 1575 1871 1617 Tzschnck.
1901 1578 1940 1616 1.
1959 1577 2000 1615 2.
2027 1574 2176 1615 Brem.

340 1625 493 1666 Heinr.
513 1627 640 1669 Harl.
658 1629 799 1681 Wetz.
818 1635 864 1671 et
882 1642 964 1684 ego
990 1630 1178 1683 reposui.
1224 1630 1297 1671 Sic
1316 1631 1429 1671 enim
1449 1628 1565 1670 infra
1581 1629 1626 1669 in
1645 1630 1734 1670 vita
1760 1627 2014 1681 Thrasybuli
2029 1639 2123 1679 cap.
2138 1630 2178 1677 1.

338 1684 384 1720 et
399 1679 676 1732 Θρασύβουλος
690 1684 713 1724 ὁ
728 1683 802 1724 τοῦ
814 1682 942 1725 Λύκου
957 1688 1025 1725 est
1041 1696 1112 1736 ap.
1130 1683 1330 1737 Thucyd.
1345 1695 1448 1724 vm.
1464 1687 1534 1724 75.
1561 1682 1679 1724 Add.
1697 1683 1912 1735 Schlegel.
1930 1682 1958 1723 l.
1974 1693 2010 1723 c.
2027 1684 2147 1733 p.95.

339 1738 447 1775 ——12
475 1735 548 1776 Sic
579 1737 666 1778 Ms.
687 1739 801 1779 Dan.
827 1737 913 1779 Ax.
933 1737 1026 1780 Gif.
1055 1737 1177 1780 Leid.
1207 1741 1248 1779 1.
1278 1736 1359 1779 Ed.
1387 1737 1546 1789 Ultraj.
1577 1735 1697 1787 [Bos.
1715 1740 1758 1777 2.
1779 1741 1827 1777 et
1846 1736 1940 1777 rell.
1968 1739 2154 1776 recentt.

337 1786 427 1828 Sed
443 1790 646 1840 plebiscito
663 1791 749 1832 Ms.
769 1792 969 1834 Mendos.
989 1790 1072 1832 Ed.
1092 1792 1213 1835 JenS.
1230 1790 1352 1832 Med.
1372 1789 1477 1843 Arg.
1494 1791 1599 1831 Par.
1618 1789 1719 1832 Ald.
1737 1791 1872 1842 Long.
1889 1790 2010 1841 Mag.
2028 1788 2178 1829 Lamb.

335 1841 490 1895 Steph.
514 1844 655 1886 Gebh.
678 1845 827 1887 Boecl.
856 1846 1025 1888 Kench.
1049 1846 1151 1887 Bos.
1171 1849 1219 1889 l.
1234 1844 1443 1898 plebescito
1465 1844 1551 1885 Ms.
1571 1843 1694 1885 Leid.
1719 1847 1759 1885 2.
1787 1844 1912 1884 Voss.
1931 1845 2077 1884 1.-13
2105 1841 2178 1882 Sic

337 1888 469 1936 etiam
490 1897 571 1937 Ed.
601 1898 725 1939 Jens.
759 1898 879 1940 Med.
897 1899 999 1941 Par.
1021 1898 1122 1940 Ald.
1150 1899 1269 1950 Mag.
1302 1898 1450 1940 Lamb.
1475 1897 1630 1950 Steph.
1659 1897 1802 1938 Gebh.
1827 1897 1978 1937 Boecl.
2008 1895 2177 1936 Kenchss

335 1949 440 1990 Bos.
459 1954 496 1991 1.
515 1954 555 1991 2.
584 1952 843 2004 [Tzschuck.
863 1956 902 1994 1.
920 1957 961 1994 2.
979 1952 1143 2006 Wetz.]
1160 1952 1247 1994 Sed
1265 1953 1404 1993 horum
1419 1953 1462 1993 in
1487 1950 1652 2004 imperio
1673 1951 1761 1991 Ms.
1777 1951 1928 1992 Boecl.
1948 1949 2032 1991 Ax.
2049 1949 2175 1990 Voss.

337 2006 375 2042 1.
395 2006 437 2043 2.
461 2004 539 2046 Ed.
559 2005 666 2058 Arg.
686 2007 822 2058 Long.
835 2007 954 2048 Stav.
976 2010 1014 2048 1.
1033 2009 1074 2049 2.
1093 2010 1132 2047 3.
1154 2007 1288 2048 Heus.
1305 2007 1449 2060 [Harl.
1466 2005 1553 2047 Ith.
1569 2003 1944 2046 Brem.Schmied.
1959 2001 2098 2049 Panfl.
2123 2025 2178 2034 —·

338 2059 401 2097 14,
421 2057 658 2100 Proeterriti
686 2061 769 2102 Ms.
788 2061 913 2115 Voss.
943 2065 981 2103 l.
1023 2061 1219 2102 Perterili
1247 2060 1330 2120 Ed.
1347 2061 1469 2103 JenS.
1496 2058 1728 2100 Mem-15
1751 2058 1961 2099 Trecentos
1985 2057 2070 2099 Ms.
2133 2067 2175 2096 x.

336 2113 446 2151 ——16
476 2112 591 2155 Hora
603 2113 686 2155 ΜΒ.
702 2115 820 2156 Dan.
840 2120 886 2156 et
897 2116 978 2155 sita
990 2114 1075 2156 ΜΒ.ι
1090 2115 1214 2156 Voss.
1225 2117 1269 2156 2.
1297 2113 1493 2156 Ain—17
1508 2113 1579 2154 Sic
1593 2111 1724 2153 etiam
1738 2111 1825 2152 Ms.
1843 2112 1959 2152 Dan.
1977 2109 2177 2152 Mendos.

330 2162 436 2215 [Ed.
453 2165 551 2209 Bos.
570 2171 611 2208 2.
630 2167 766 2208 Heus.
786 2173 832 2209 et
847 2169 942 2209 rell.
961 2168 1167 2220 recentt.]
1194 2167 1280 2210 Sed
1300 2180 1409 2221 quar.
1424 2180 1515 2220 exp.
1531 2179 1645 2220 quam
1658 2167 1787 2219 plures
1800 2160 2018 2206 Ms.Leid.
2034 2167 2076 2206 2.
2091 2164 2176 2206 Ax.
2243 2194 2246 2195 γ

338 2218 459 2260 Voss.
478 2223 518 2261 2.
555 2219 597 2261 in
619 2234 702 2275 quo
731 2226 877 2262 tamen
909 2227 1006 2263 erat
1031 2226 1381 2276 expugnaverant.-
1415 2226 1465 2262 ut
1495 2219 1643 2262 Lamb.
1673 2219 1823 2272 Steph.
1854 2218 1995 2260 Gebh.
2027 2218 2178 2260 Boecl.

335 2270 509 2314 Keuch.
526 2274 626 2315 Bos.
646 2275 791 2327 >primo
817 2276 1073 2318 ediderant=
1099 2289 1163 2328 qu.
1181 2278 1502 2328 expugnaverant
1519 2275 1766 2327 quamplures
1796 2271 1880 2314 Ed.
1906 2272 2031 2316 Jens.
2055 2272 2176 2314 Med.
2195 2316 2207 2329 ,

336 2323 446 2378 Arg.
467 2327 571 2369 Par.
592 2328 692 2370 Ald.
717 2330 851 2383 Long.
870 2330 991 2384 Mag.
1011 2330 1056 2370 in
1076 2329 1241 2370 duabus
1261 2337 1405 2370 tamen
1431 2327 1746 2381 posterioribus
1772 2331 1839 2366 est
1864 2339 1886 2368 e
2072 2330 2176 2368 erat.

337 2379 444 2421 Mox
474 2381 707 2424 Bisantium
738 2384 827 2425 Ms.
856 2384 981 2426 Voss.
1008 2387 1051 2426 2.
1077 2383 1318 2426 Rammium
1347 2383 1435 2425 Ms.
1462 2380 1587 2424 Leid.
1603 2386 1645 2424 2.
1690 2379 1919 2422 Bizantium
1945 2379 2027 2423 Ed.
2047 2380 2175 2446 dens.

1169 2503 1347 2547 NOTAE

329 2598 552 2647 proeterea:
578 2596 642 2638 ita
653 2600 702 2639 ut
715 2597 785 2640 hic
806 2597 922 2641 foret
942 2610 1119 2642 sensns:
1150 2598 1223 2643 Ad

336 2658 418 2699 hoc
438 2658 700 2702 destitutus:
731 2662 957 2706 Praeterea
985 2663 1040 2705 ab
1071 2663 1222 2705 amieis

337 2720 553 2765 desertus.
611 2724 725 2767 Nam
752 2739 778 2768 a
796 2726 1009 2769 Pisandro
1032 2739 1120 2768 non
1149 2726 1222 2768 de·

334 2784 552 2846 stitutum,
565 2786 695 2830 immo
714 2789 927 2844 arijutum,
937 2791 1093 2834 scribit
1108 2791 1221 2833 'rhu-

336 2846 532 2901 cydideS.
586 2851 748 2894 Tamen
781 2865 837 2895 ex
869 2854 1024 2896 eodem
1053 2854 1221 2907 Thucy·

336 2911 438 2953 dide
457 2912 618 2966 legitur
645 2927 797 2958 revera
830 2917 884 2958 ab
905 2929 957 2959 eo
985 2916 1118 2959 fuisse
1151 2917 1225 2958 de-

337 2975 539 3025 stitutum
553 2981 722 3030 postea,
737 2987 784 3021 et
800 2991 852 3021 eo
865 2980 1002 3023 invito
1020 2981 1076 3022 ab
1090 2979 1226 3022 Athe·

336 3038 560 3081 niensibus
599 3039 870 3084 Alcibiadem
912 3043 1043 3086 fuisse
1074 3055 1225 3098 recep-

335 3107 446 3155 tum,
477 3107 523 3145 et
554 3115 695 3146 rerum
725 3117 901 3148 summae
925 3106 1222 3160 praepositum.

334 3166 450 3208 Vide
468 3167 544 3209 lib.
564 3179 667 3211 vm.
685 3169 765 3211 sub
777 3169 922 3211 finem.
950 3169 1099 3225 Atque
1115 3171 1223 3212 adeo

335 3229 445 3270 nihil
462 3232 715 3272 mutandum
734 3245 830 3274 esse
850 3233 1050 3276 arbitror.
1104 3249 1114 3256 ‘

336 3302 343 3307 ·
390 3299 407 3319 z
423 3293 507 3334 Per
518 3294 800 3350 Thrasybulum
811 3296 1068 3352 Lycifilium]
1088 3296 1224 3340 Thra·

336 3355 512 3409 sybulus
533 3356 812 3400 Atheniensis
831 3359 936 3414 dux,
948 3361 1049 3402 exul
1067 3359 1225 3415 factus,

336 3424 591 3481 comparato
627 3422 825 3464 exercitu
860 3422 1003 3465 omnia
1041 3422 1223 3466 AthenIs

338 3482 544 3538 restituit,
566 3485 819 3542 exulesque,
846 3498 952 3541 quos
976 3487 1089 3529 inter
1106 3486 1222 3530 Alei·

1288 2599 1440 2641 biades
1469 2603 1581 2651 erat,
1611 2598 1842 2652 plebiscito
1860 2597 2051 2639 reduxit.
2093 2596 2175 2655 Ci—

1290 2676 1391 2707 cero
1404 2663 1599 2716 Philipp.
1613 2675 1646 2704 1.
1663 2668 1709 2703 et
1723 2663 1822 2703 Val.
1837 2662 1957 2704 Max.
1971 2661 2049 2703 lib.-
2059 2670 2124 2701 ιν.
2135 2664 2175 2703 1.

1342 2733 1362 2754 ὓ
1401 2725 1663 2779 Suffragante
1713 2724 1967 2776 Theramene]
2026 2722 2176 2766 Nobili

1289 2788 1558 2841 Atheniensi,
1574 2787 1768 2841 Agnonis
1786 2785 1892 2831 filio.
1929 2784 2046 2829 Vide
2059 2785 2175 2829 'rhu-

1290 2852 1505 2907 cydidem‚
1521 2851 1595 2892 lib.
1615 2863 1730 2906 vm&
2086 2845 2090 2849 ’

1345 2914 1364 2943 ¹³
1391 2915 1532 2957 Tribus
1547 2914 1768 2967 navalibus]
1794 2915 1987 2958 Quorum
2007 2918 2175 2966 postre-

1290 2991 1405 3021 mum
1425 2979 1479 3019 ad
1499 2978 1717 3031 Cyzicum,
1748 2978 1792 3017 in
1812 2989 1897 3030 quo
1928 2976 2174 3018 Alcibiades

1290 3042 1538 3084 Mindarum
1573 3040 1994 3082 Lacedaemoniorum
2020 3040 2174 3081 ducem

1290 3106 1532 3149 interfecit.
1559 3106 1760 3157 Xenoph.
1779 3104 1851 3146 lib.
1870 3116 1903 3147 1.

1342 3177 1362 3200 ⁰
1381 3171 1433 3213 In
1445 3170 1507 3212 his
1522 3168 1785 3222 Byzantium]
1808 3166 2060 3209 Proditione
2073 3179 2174 3220 cap-

1290 3238 1383 3276 tum
1402 3230 1538 3275 refert
1555 3230 1816 3284 Xenophon,
1840 3235 1887 3272 et
1905 3230 2172 3283 proditorum

1289 3299 1462 3340 nomina
1493 3301 1691 3338 recenset
1720 3295 1797 3338 lib.
1815 3306 1848 3336 1.
1895 3297 1949 3338 In
1968 3307 2054 3349 qno
2072 3308 2173 3337 con-

1290 3361 1485 3403 sentiunt
1513 3359 1732 3402 Diodorus
1761 3357 1837 3402 lib.
1855 3369 1958 3401 vm.
1984 3364 2036 3415 vet
2067 3358 2177 3419 Plu-s.

1288 3425 1463 3469 tar-chus
1483 3424 1528 3466 in
1543 3421 1788 3466 Alcibiade.
