2326 3860
323 226 432 286 220

362 371 367 373 “
394 361 449 413 3.
467 358 590 411 Ad¹
607 358 752 412 hanc
769 361 1018 428 corporis
1033 359 1345 413 firmitatem
1363 359 1625 429 plurima²
1641 359 1807 411 etiam
1825 357 1998 411 animi
2014 356 2161 412 bona

326 448 691 499 accesserant.
766 444 902 496 Erat
924 444 1068 496 enim
1087 443 1395 508 modestus,
1412 443 1672 512 prudens,
1693 443 1919 510 graviS,³
1946 445 2159 512 tempo*

325 531 481 583 ribus·
520 530 798 598 sapienter
836 534 1014 594 utenS,
1058 529 1272 598 peritus
1315 529 1468 593 belli,
1516 528 1672 583 fortis
1714 532 1924 591 manu,⁴
1959 527 2156 583 ‘animo

328 613 610 668 maximo:
649 613 787 667 adeo
812 614 1060 668 veritatis
1086 614 1338 682 diligenS‚
1361 618 1424 666 ut
1445 618 1535 665 ne⁵
1551 613 1686 682 joco
1706 611 1938 680 quidem
1960 613 2161 665 menti-

325 703 513 753 retur.⁰
587 698 748 751 Idem
773 699 1077 764 continens),
1101 698 1364 762 clemenS,
1389 699 1722 768 patiensque
1752 696 2160 750 ‘admirandum‘

326 785 385 837 in
409 784 664 837 modum:
701 799 814 835 non
839 784 1020 837 solum
1056 783 1267 853 populi,
1308 782 1410 836 sed
1448 783 1618 836 etiam
1657 782 1966 836 amicorum
1984 780 2165 834 ferens

325 867 589 937 injurias:
627 866 1009 937 inprimisque⁷
1049 869 1357 921 commissa
1391 868 1582 921 celans
1597 874 1640 934 ;¹‘
1697 867 1850 936 quod
1889 866 2163 919 interdum

327 960 438 1005 non
462 952 641 1005 minus
667 951 911 1020 prodest,
938 968 1108 1021 quam
1134 952 1340 1005 diserte
1365 951 1584 1006 dicere:
1625 951 1911 1006 studiosus
1931 950 2166 1004 audiena

328 1036 446 1090 di‘:⁸
483 1052 556 1091 ex
581 1036 688 1089 hoc
713 1037 857 1090 enim
892 1033 1157 1090 facillime
1182 1036 1328 1089 disci
1353 1037 1740 1090 arbitrabatur.
1816 1036 2018 1106 Itaque
2037 1047 2168 1088 cum

326 1124 388 1175 in
413 1121 683 1176 circulum
706 1121 988 1187 venissem
1011 1121 1069 1175 in
1095 1137 1206 1193 quo
1242 1126 1343 1176 aut
1366 1122 1438 1175 de
1461 1121 1749 1191 republica
1770 1120 2167 1190 disputaretur,

942 239 1103 280 coRN
1115 239 1243 279 Ebu
1286 239 1325 278 N
1335 239 1552 279 EPOTIS

1102 1263 1399 1282 OOOOOOOOOOOO

384 1349 405 1385 l
435 1347 494 1387 At
511 1347 611 1386 lianc
629 1346 717 1387 Ms.
736 1348 862 1388 Voss.
883 1350 1007 1387 1.—2
1037 1348 1166 1387 Plura
1196 1347 1280 1388 Ed.
1313 1348 1434 1390 Jens.
1465 1347 1588 1388 Med.
1610 1346 1717 1400 Arg.
1752 1347 1858 1387 Par.
1898 1345 2000 1388 Ald.
2030 1347 2168 1399 Long.

330 1401 447 1451 Mag.
500 1399 649 1441 Lamb.
687 1401 840 1454 steph.
889 1400 1032 1442 Gebh.
1079 1402 1233 1442 Boecl.
1262 1402 1429 1443 Kench.
1458 1402 1572 1455 Bos.
1609 1405 1648 1442 1.
1693 1400 1853 1456 [Heus.
1883 1400 1973 1442 Ith.
2010 1400 2167 1441 Heinr.

330 1454 548 1495 Schmied.
578 1454 699 1495 Stav.
719 1458 760 1495 3.
797 1455 976 1506 Bipont.
995 1454 1235 1495 Tzschuck.
1255 1454 1397 1496 Paufl.
1439 1453 1712 1508 plurimuEd.
1733 1455 1836 1496 Bos.
1856 1457 1898 1495 2.
1918 1460 1965 1494 et
1995 1454 2076 1495 rell
2079 1453 2170 1506 .]—-·

330 1512 354 1548 3
387 1508 539 1547 Gnavis
556 1508 640 1548 M-s.
659 1507 745 1548 Ax·
749 1512 838 1548 —4
860 1508 994 1561 [Haec
1007 1516 1078 1548 est
1096 1514 1296 1550 constans
1322 1509 1456 1550 lectio
1475 1509 1692 1550 librorum.
1748 1508 1835 1549 Sed
1858 1508 1974 1560 quod
1996 1508 2169 1548 Cornel.

330 1561 459 1602 animi
476 1562 587 1602 bona
607 1574 720 1602 nunc
739 1567 954 1613 recenset,
974 1561 1097 1603 Harl.
1119 1562 1173 1602 ad
1193 1562 1263 1603 ed.
1285 1567 1324 1604 1.
1353 1564 1605 1615 conjecerat
1625 1562 1888 1612 fortissimus,
1916 1562 2046 1601 animo
2061 1573 2172 1604 max.

328 1617 396 1664 (et
431 1616 662 1656 assentitur
693 1615 1013 1668 Bergstriissen
1048 1628 1132 1656 nec
1161 1617 1290 1668 plane
1323 1616 1539 1668 improbat
1563 1616 1806 1656 Tzscbuck.
1841 1615 1896 1655 ad
1914 1614 1984 1655 ed.
2004 1613 2069 1667 2.)
2095 1619 2172 1654 aut

329 1668 427 1710 forez·
445 1669 591 1720 animo,
609 1669 784 1719 ingenio,
784 1649 873 1710 oaut
890 1670 1051 1709 consitio
1079 1683 1188 1714 max.
1244 1669 1332 1710 Sed
1351 1671 1551 1722 quoniam
1571 1670 1666 1710 aliis
1686 1670 1759 1709 illa
1778 1668 2036 1721 conjectura
2054 1668 2173 1708 vide-

331 1722 460 1762 batur
478 1723 701 1772 audacior,
730 1723 784 1763 ad
807 1724 876 1763 ed.
894 1727 934 1763 2.
964 1718 1104 1763 noluit
1121 1735 1219 1763 esse
1241 1723 1440 1786 pertinax
1459 1724 1503 1763 in
1523 1722 1798 1764 defendenda
1815 1735 1892 1763 sua
1911 1721 2173 1775 suspicione.

331 1777 480 1816 Bremi
500 1789 620 1818 voce.
654 1776 784 1824 sortis
802 1790 919 1817 manu
937 1788 961 1816 a
980 1776 1155 1816 librario
1172 1776 1357 1828 quodam
1376 1777 1544 1817 intrusa
1563 1789 1656 1817 esse
1689 1777 1908 1829 opinatur,
1933 1776 2063 1830 idque
2084 1788 2172 1815 ma·

330 1830 382 1870 lit
401 1831 601 1881 accipere
621 1831 865 1870 Urzschuck
901 1830 977 1870 sed
1012 1836 1159 1870 tamen
1191 1830 1345 1871 dubius
1363 1836 1446 1872 est.
1449 1831 1550 1882 ]-—5
1582 1832 1668 1872 Nec
1687 1831 1773 1880 joc.
1793 1830 1874 1871 Ed.
1895 1830 2016 1872 Jeus.
2048 1829 2172 1870 Meu.

331 1883 439 1935 Arg.
461 1885 565 1925 Par.
597 1883 734 1936 Long.
766 1885 887 1935 Mag.
920 1884 1027 1924 Mox
1045 1884 1144 1924 item
1171 1888 1277 1925 cont.
1310 1884 1394 1925 Ed.
1428 1884 1571 1926 Gebh.
1609 1885 1778 1924 Kench.
1813 1890 1859 1924 et
1889 1885 2072 1924 cloemens
2091 1883 2173 1924 Ed.

331 1938 453 1979 Jens.
474 1938 595 1978 Med.
613 1897 721 1990 Argg.
721 1941 802 1978 -6
829 1936 1039 1978 Admirum
1065 1937 1109 1977 in
1128 1939 1231 1979 mod.
1253 1939 1338 1979 Ms.
1358 1939 1483 1978 Voss.
1505 1942 1546 1979 2.
1576 1938 1800 1978 mirandum
1818 1938 1906 1977 Ms.
1926 1936 2012 1977 Ax.
2015 1940 2095 1977 -7
2124 1937 2178 1977 In

329 1993 472 2043 primis
492 1992 576 2032 Ms.
599 1991 720 2031 Leid.
741 1995 782 2032 2.
804 1991 918 2031 Dan.
956 1992 1064 2032 Mox
1084 1991 1126 2031 in
1146 1992 1228 2032 Ed.
1249 1991 1375 2032 Jens.
1393 1992 1516 2032 Med.
1539 1991 1648 2044 Arg.
1667 1990 1770 2031 Ald.
1791 1996 1861 2031 est
1877 1993 2034 2032 caelons.
2065 1991 2174 2030 Mox

333 2059 358 2085 a
377 2046 462 2086 Ms.
484 2044 569 2086 Ax.
599 2045 752 2086 aberat
783 2043 834 2085 τὸ
858 2045 1087 2086 dicere—8
1114 2045 1297 2086 Audendi
1316 2045 1399 2087 Ed.
1422 2045 1612 2098 Arg.--9
1637 2044 1726 2086 Aut
1751 2045 1896 2098 philos.
1930 2043 2014 2086 Ed.
2049 2044 2173 2088 Jens.

1171 2158 1354 2202 NOTAE

333 2255 485 2306 legunt
533 2256 723 2295 currendo
760 2252 939 2308 (omissa
977 2264 1100 2305 voce,
1141 2254 1223 2293 luc·

334 2317 484 2370 tando)
506 2319 558 2358 ud
584 2330 670 2358 eum
689 2317 849 2371 finem,
865 2318 967 2369 'quod
996 2321 1108 2357 stans
1122 2330 1223 2358 com-

330 2382 452 2434 plecti
476 2385 608 2434 posset
635 2385 752 2433 atque
775 2382 1022 2422 contendere.
1074 2380 1147 2421 Sic
1166 2381 1225 2421 le-

1290 2254 1390 2295 mile
1423 2254 1643 2308 quidpiam
1675 2254 1731 2296 de
1764 2243 2005 2296 Ptolemaeo
2029 2225 2178 2301 Arrisi-

1291 2329 1382 2372 nus,
1412 2320 1466 2359 de
1484 2319 1659 2361 Juliano
1679 2318 1995 2359 Mamertinus:
2024 2317 2080 2359 de
2099 2315 2180 2359 At-

1290 2382 1377 2423 tico
1396 2382 1512 2424 idem
1541 2383 1692 2436 Nepos
1722 2382 1765 2422 in
1790 2381 1884 2423 vita
1903 2381 2015 2434 eJus.
2070 2370 2179 2431 Ideo

335 2444 523 2497 gendum
543 2443 643 2487 olim
662 2442 982 2486 Freinshemius
1001 2443 1225 2485 existima-

335 2509 414 2559 vit,
429 2508 659 2551 nimirum:
692 2509 761 2550 Aa
792 2521 881 2550 eum
891 2509 1021 2563 finem
1046 2510 1146 2561 quod
1165 2521 1228 2549 os·

336 2578 424 2614 tans
454 2574 656 2626 complecti
679 2577 809 2626 posset
838 2577 953 2626 atque
981 2574 1228 2614 contendere.

337 2639 349 2660 ‘
373 2636 553 2687 Astans‚
572 2636 730 2690 inquit,
759 2640 875 2677 esset
906 2647 1051 2677 coram
1069 2635 1228 2688 factus,

336 2702 470 2753 igitur
489 2713 573 2740 non
593 2700 719 2741 modo
739 2712 914 2741 currere
930 2700 1154 2750 discebam
1184 2699 1228 2740 id

338 2765 450 2804 enim
469 2764 575 2803 nihil
595 2764 710 2803 aliud
728 2776 855 2817 quam
878 2776 977 2804 eum
996 2762 1039 2804 in
1061 2762 1230 2816 pericu·

340 2828 427 2866 lum
447 2826 738 2878 perduxisset,
767 2826 924 2867 deinde
953 2826 1229 2868 deseruisset.

338 2890 425 2931 Sed
467 2891 597 2930 etiam
641 2891 808 2940 luctari,
841 2891 954 2943 quod
989 2896 1149 2941 astans,
1183 2897 1230 2931 et

342 2966 478 3007 prope
496 2955 663 2995 hostem
683 2955 848 3007 positus
868 2968 963 2996 eum
985 2957 1232 3008 complecti,

341 3024 471 3071 atque
514 3029 609 3057 cuni
651 3029 700 3057 eo
740 3017 1003 3058 contendere
1051 3016 1227 3070 posset?

342 3082 469 3125 Quod
505 3082 606 3121 mihi
637 3080 1081 3134 nou-improbandum
1113 3082 1229 3123 vide·

342 3152 440 3188 tur:
482 3158 579 3186 nam
612 3157 764 3186 revera
795 3146 830 3186 is
862 3158 1010 3187 sensus
1044 3147 1230 3200 Nepotis

342 3222 434 3250 esse
454 3211 604 3262 debet,
636 3216 682 3251 ut
715 3210 884 3252 scilicet
909 3211 1229 3263 Epaminondas

343 3280 516 3315 eatenus
538 3280 747 3326 curreret,
776 3279 822 3315 et
853 3275 1110 3326 luctaretur,
1131 3288 1229 3329 qua-

345 3343 471 3377 tenus
499 3342 644 3376 astans
661 3336 893 3389 complecti
916 3344 1061 3388 posset
1079 3338 1229 3379 adver·

343 3401 498 3440 sarium
522 3404 649 3451 atque
668 3411 765 3439 cum
782 3400 853 3440 illo
869 3401 1146 3442 contendere.

400 3469 420 3491 ⁰
447 3463 508 3504 vt
537 3475 584 3504 ne
606 3462 698 3513 joco
714 3463 866 3518 quidem
885 3465 1138 3519 mentiretur]
1165 3467 1230 3509 Si·

1292 2452 1438 2487 autem
1459 2451 1580 2487 tanto
1592 2458 1689 2487 eum
1706 2445 1807 2486 odio
1820 2443 2087 2486 mendacium
2105 2443 2181 2489 lm·

1294 2512 1435 2553 buisse
1466 2511 1674 2556 credibile
1693 2517 1777 2563 est,
1805 2510 1920 2564 quod
1945 2515 1992 2551 et
2021 2516 2182 2551 natura

1294 2581 1340 2615 et
1372 2573 1663 2626 Philosophiae
1697 2579 1924 2627 praecepta
1954 2573 2062 2613 illud
2095 2573 2180 2626 ipsi

1294 2639 1594 2680 instillassent.
1621 2638 1763 2690 Super
1776 2648 1827 2678 ea
1846 2647 1894 2678 re
1911 2636 2010 2677 vide
2024 2635 2179 2678 AElian'.

1295 2702 1394 2742 hist.
1416 2701 1542 2742 anim.
1561 2701 1634 2742 lib.
1651 2712 1724 2742 ιιι.
1742 2703 1810 2742 23.
2092 2699 2094 2701 ’

1349 2771 1370 2798 1‘
1393 2765 1606 2805 Commisso
1623 2763 1767 2816 celans]
1795 2764 1924 2806 Quod
1944 2765 1989 2806 iu
2006 2764 2181 2818 Epami-

1294 2828 1438 2869 nonda
1473 2840 1558 2868 non
1606 2827 1715 2868 adeo
1760 2828 2000 2869 mirandum
2044 2833 2179 2881 puto:

1295 2904 1391 2932 cum
1424 2892 1539 2932 enim
1577 2891 1868 2943 Pythagorica
1913 2883 2183 2943 philosophia

1297 2955 1433 3008 probe
1464 2955 1652 2995 imbutus
1683 2953 1852 3006 fuisset,
1883 2967 1977 3008 quae
2014 2954 2184 3006 religio-

1296 3018 1457 3058 sissime
1475 3016 1694 3057 silentium
1722 3028 1773 3057 ac
1808 3015 1939 3057 fidem
1959 3016 2183 3070 precipie-

1297 3082 1386 3132 bat,
1405 3081 1448 3121 id
1467 3080 1599 3121 facile
1615 3080 1702 3120 de
1691 3092 1787 3132 ipso
1803 3079 2076 3122 crediderim.

1351 3153 1371 3179 <¹
1395 3147 1494 3185 Cum
1512 3146 1554 3184 in
1569 3143 1755 3184 circulum
1770 3141 1954 3194 venisset]
1984 3141 2182 3184 Circulus

1300 3211 1428 3262 vulgo
1465 3200 1626 3250 dicitur
1663 3213 1802 3248 coetus
1838 3206 2084 3247 coeuntium
2130 3203 2182 3247 ac

1296 3271 1680 3322 confabulantium,
1714 3270 1786 3323 qui
1819 3270 1955 3310 veluti
1973 3269 2183 3310 circulum

1298 3337 1463 3378 faciunt
1508 3340 1556 3376 et
1599 3347 1836 3378 coronam„
1904 3332 2017 3374 Vide
2051 3333 2182 3374 Ovid.

1301 3400 1482 3441 Metam.
1501 3398 1576 3440 lib.
1593 3408 1700 3438 xru.
1743 3397 1755 3421 ‘
1772 3396 2017 3438 Consedere
2031 3396 2180 3447 duces,

1299 3469 1344 3507 et
1365 3465 1481 3517 vulgi
1499 3467 1641 3506 stante
1662 3460 1848 3505 corona.’
