2326 3860
309 223 417 278 406

307 354 504 407 τρίκλινον
534 351 654 402 οἶκον,
678 352 704 400 ἢ
729 351 1000 403 πεντάκλινον,
1023 349 1049 399 ἡ
1078 349 1190 391 δεκά-

309 426 454 459 κλινον.
509 415 663 456 Suidas
680 429 690 455 ε
706 413 970 467 Ἀνδρόδομος,
983 412 1190 466 τρίκλινος·

305 483 367 521 ita
402 480 648 531 legendum,
678 491 763 519 uon
790 477 1054 531 ἀνδρόδρομος.
1103 478 1191 517 Ἀν-

308 544 506 596 δρόδομος,
535 544 648 584 idem
678 543 793 596 quod
824 542 983 594 ἀνδρῶν,
1002 542 1093 582 sive
1123 551 1192 581 an-

305 608 493 658 dronici-s,
519 609 599 646 τῶν
628 606 773 658 ἀνδρῶν
797 605 953 656 οἴκημα,
982 606 1118 656 locus,
1145 604 1191 645 in

311 681 398 723 quo
414 670 616 710 convivia
636 669 776 709 virilia
796 668 975 719 fiebant,
993 681 1018 710 a
1038 668 1191 722 quibus

311 734 568 775 arcebantur
585 732 796 773 mulieres.
863 732 936 773 Sic
956 733 1088 785 igitur
1105 731 1192 772 dis-

311 795 596 848 tinguendum
627 795 743 835 inter
773 795 856 835 ista
878 795 1064 845 nomina,
1097 807 1192 848 quae

310 859 468 911 passim
483 857 753 899 confundunt
771 858 1036 911 interpretes
1056 863 1101 899 et
1120 858 1196 899 im-

311 923 443 976 periti
485 922 718 963 literiones.
765 923 966 964 Kenchen.
1038 922 1194 963 Cicero

310 986 522 1028 Accusat.
555 986 584 1026 1.
604 997 639 1026 1.
667 986 681 1008 ‘
698 986 805 1025 Tum
836 986 927 1036 ille,
958 990 1007 1025 ut
1032 985 1196 1038 aliquid

312 1049 611 1101 responderet,
624 1049 801 1100 negavit
815 1048 942 1088 moris
960 1060 1053 1089 esse
1071 1048 1195 1089 Grae-

312 1124 476 1162 corum,
508 1117 558 1152 ut
592 1112 635 1151 in
671 1111 867 1152 convivio
902 1111 1093 1152 virorum
1129 1124 1193 1152 re-

309 1176 569 1216 cumberent
599 1173 828 1215 mulieres!
868 1174 1048 1215 Lambin.
1109 1175 1195 1214 Ex-

307 1239 448 1292 plicat
481 1239 678 1278 Muretus
710 1237 1195 1280 Var.1eet.1.v11.2.

309 1305 427 1343 Sane
454 1301 667 1354 Sybaritae
698 1298 874 1353 ἔγραψαν
891 1299 1009 1351 νόμον
1029 1300 1101 1341 τὰς
1125 1315 1197 1352 γυ-

310 1368 447 1407 ναῖκας
466 1364 519 1406 εἷς
534 1365 608 1406 τὰς
623 1364 758 1418 ἑορτὰς
783 1367 933 1415 καλεῖν,
953 1364 1126 1405 καὶτοὺς
1144 1363 1198 1406 εἷς

311 1429 385 1470 τὰς
403 1428 536 1470 θυσίας
553 1430 784 1481 καλοῦντας,
813 1427 887 1482 πρὸ
918 1429 1093 1469 ἐνιαυτοῦ
1123 1429 1198 1478 τὴν

311 1495 457 1542 κλῆσιν
471 1495 678 1545 ποιεῖσθαι,
686 1491 753 1533 ἵνα
768 1491 878 1543 ἀξίως
890 1491 1111 1544 ποιούμενοι
1127 1495 1199 1534 τοῦ

313 1558 458 1611 χρόνον
481 1557 556 1606 τὴν
586 1556 833 1610 παρασκευὴν
860 1559 940 1597 τῶν
965 1570 1012 1598 τε
1040 1556 1199 1612 ἱματίων

312 1623 380 1663 καὶ
398 1623 469 1663 τοῦ
485 1623 626 1663 λοιποῦ
643 1621 805 1672 κόσμου,
829 1619 1053 1674 προάγωσιν
1079 1621 1200 1664 οὕτως

310 1686 370 1728 εἷς
383 1686 455 1728 τὰς
473 1686 645 1735 κλήσεις.
711 1685 826 1727 Vide
844 1687 1126 1727 Plutarchum
1144 1687 1199 1728 de

312 1763 400 1792 vn.
446 1751 699 1804 Sapientum
745 1749 958 1790 convivio.
1027 1751 1128 1791 Mos
1174 1765 1201 1792 a

312 1812 705 1866 Persis'profluxit,
721 1817 771 1853 ut
799 1824 853 1852 ex
884 1812 1078 1865 Josepho
1097 1826 1198 1855 con·

312 1874 406 1918 stat
434 1889 485 1917 ac
511 1876 698 1919 Justino.
760 1875 878 1915 Hinc
909 1875 1075 1929 mulier,
1102 1889 1198 1930 quae

316 1944 474 1981 contra
489 1939 570 1980 viri
588 1940 871 1991 voluntatem,
900 1939 972 1980 vel
998 1951 1050 1980 eo
1078 1939 1200 1992 igno-

316 2009 457 2056 rante,
474 2007 772 2043 extraneorum
792 2003 988 2045 convivia
1009 2004 1203 2057 petierit,

316 2066 538 2118 repudiari
571 2066 732 2118 poterit
749 2066 879 2119 juxta
908 2067 938 2108 1.
977 2079 1201 2110 consensu.

318 2130 370 2172 C.
389 2129 443 2170 de
462 2129 616 2182 repud.
673 2129 881 2171 Convivia
895 2131 1008 2171 enim
1019 2132 1202 2173 Veneris

317 2193 531 2245 praeludia
547 2198 661 2234 sunt.
713 2192 833 2235 Alex.
853 2194 1018 2248 Neapol.
1073 2197 1202 2240 Quod

317 2258 462 2298 velex
483 2257 686 2298 Romanis
717 2263 898 2311 certum,
927 2259 1000 2312 qui
1030 2260 1073 2300 in
1103 2273 1203 2302 con·

318 2321 433 2362 vivio
452 2321 756 2362 accumbentes
769 2322 973 2363 mulieres
992 2325 1202 2375 complec-

319 2383 539 2426 tebantur.
605 2384 695 2426 Cic.
726 2384 857 2425 Catil.
889 2396 941 2426 11.
997 2387 1201 2429 Keuchen.

319 2446 510 2499 Magnus
529 2451 673 2487 tamen
691 2446 969 2489 Casaubonus
984 2448 1202 2500 Nepotem

320 2512 478 2552 erroris
498 2511 705 2552 arcessit:
734 2523 830 2552 cum
844 2511 956 2552 enim
972 2512 1028 2553 ad
1041 2512 1203 2555 Athen.

319 2575 394 2617 lib.
415 2587 519 2616 vm.
547 2579 588 2617 9.
643 2575 868 2616 Biotheam
901 2575 1203 2617 Nicocreontis

321 2650 500 2679 uxorem
521 2637 789 2680 correctione
814 2638 980 2690 optima
997 2637 1043 2677 in
1061 2639 1205 2679 convi-

320 2703 436 2744 vium
482 2703 805 2754 introduxisset,
841 2701 896 2743 εἷς
937 2701 1061 2742 πότον
1103 2701 1204 2757 (hoc

320 2767 435 2807 euim
466 2767 705 2818 substituit,
737 2779 833 2808 cum
869 2771 981 2808 esset
1009 2766 1205 2821 ποταμὸν)

320 2841 421 2870 mox
441 2829 590 2870 addit:
621 2830 632 2852 ‘
655 2829 767 2869 Nam
783 2829 818 2868 si
837 2828 930 2882 quis
951 2828 1131 2882 objiciat
1149 2841 1204 2870 ex

323 2891 455 2934 Corn,
486 2893 677 2944 Nepote,
704 2890 898 2932 foeminas
933 2893 975 2933 in
1007 2894 1207 2934 convivia

321 2966 442 2996 more
461 2954 711 2996 Groecorum
741 2959 839 2993 non'
855 2965 948 2994 esse
967 2955 1179 2996 adhibitas
1196 2972 1208 3006 ς

323 3019 367 3059 in
387 3023 588 3071 promptu
607 3022 708 3058 sunt
725 3017 995 3069 Scriptorum
1028 3017 1206 3059 Graeco·

324 3094 418 3122 rum
439 3081 697 3132 testimonia,
726 3091 822 3133 quae
852 3080 1114 3121 contrarium
1133 3092 1208 3123 sae·

324 3145 497 3197 pissime
515 3143 680 3184 factum
699 3142 910 3195 arguant!
939 3144 1128 3199 Βοιῑιιῑον.Γ

379 3208 477 3249 Nisi
491 3209 534 3249 in
548 3207 733 3248 interiore
745 3211 859 3259 parte
876 3207 1036 3259 oedium]
1081 3208 1206 3250 Quod

324 3272 447 3312 simul
478 3285 503 3312 a
533 3271 709 3311 Parthis
737 3270 1026 3322 observatum,
1053 3277 1102 3313 ut
1131 3284 1208 3325 gy-

326 3334 609 3374 naeconitides
630 3334 673 3374 in
693 3339 861 3374 secreto
880 3335 1033 3375 domus
1047 3348 1070 3375 a
1089 3335 1207 3378 Viris

326 3397 518 3438 semotim
538 3397 760 3438 haberent.
794 3398 913 3438 Alex.
934 3399 1101 3451 Neapol.

382 3459 482 3504 Quae
498 3459 758 3510 gynaecom‘tis
773 3461 1009 3514 appellatur]
1063 3462 1208 3504 Graeci

669 234 848 273 NOTAE
893 231 1226 271 VARIORUM
1270 231 1333 269 m
1380 231 1434 269 0.
1474 230 1739 270 NEPOTJS

1255 348 1486 402 peculiaria
1516 348 1559 388 in
1578 346 1889 389 domibus'loca
1905 348 2135 390 muliercu-

1254 412 1304 451 lis
1340 411 1560 452 destinata
1591 410 1654 451 sic
1689 411 1927 462 appellant.
1998 410 2135 463 Didy-

1251 487 1374 517 mus:
1413 474 1693 527 ’γυναικωνίτην
1720 474 1918 526 δίστεγον,
1942 475 2023 516 hoc
2050 481 2137 527 ott,

1251 540 1459 580 secundum
1474 539 1692 579 tabulatum
1712 540 1847 579 domus
1875 537 2136 590 interpreta-

1253 609 1350 646 tur:
1373 611 1502 658 atque
1514 604 1620 645 illud
1636 605 1856 645 mulierum
1872 604 2136 646 domicilium

1253 667 1388 709 fuisse
1407 668 1586 709 scribit:
1627 667 1665 708 οἱ
1695 666 1774 721 γὰρ
1791 667 1947 720 ἀρχαῖοι
1962 668 2050 708 ταῖς
2064 678 2137 718 γιο-

1250 731 1374 783 -ναιξὶν
1414 730 1604 784 ὕπερῷους
1643 730 1736 772 τοὺς
1778 729 1976 781 θαλάμους
2023 744 2138 772 κατε-

1255 794 1462 848 σκεύαζον,
1480 794 1575 848 ὑπὲρ
1605 796 1677 835 τοῦ
1693 793 1991 836 δυσεντεύκτους
2018 794 2138 836 αὐτὰ

1257 858 1366 901 εῖναι·
1406 861 1580 911 Veteres,
1606 859 1758 912 inquit,
1785 858 2020 899 mulierculis
2035 858 2139 899 cubi-

1256 926 1343 965 cula
1360 924 1402 964 in
1417 924 1578 964 summis
1594 922 1738 963 oedium
1755 922 1850 962 locis
1862 922 2076 973 struebant,
2088 934 2139 962 ne

1255 988 1421 1040 quilibet
1437 987 1565 1036 facile
1583 987 1626 1026 iu
1655 998 1722 1027 eas
1749 986 1953 1027 incideret.
2008 984 2141 1028 Unde

1256 1056 1306 1090 et
1334 1049 1549 1091 Homerus
1576 1048 1736 1089 Ὀδυσσ.
1757 1053 1803 1090 Α.
1833 1048 1889 1089 de
1919 1049 2139 1102 Penelope

1258 1113 1402 1153 canit:
1444 1110 1628 1162 Κλίμακα
1655 1111 1690 1152 δ’
1718 1110 1871 1163 ὑψηλὴν
1888 1110 2140 1160 κατεβήσατο

1258 1174 1316 1216 oro
1335 1174 1480 1226 δόμοιο,
1503 1176 1588 1216 Οὔκ
1602 1175 1681 1227 οἵη,
1708 1173 1789 1225 ἅμα
1805 1177 1857 1229 τῇ
1872 1190 1924 1227 ’γε
1940 1174 2007 1216 καὶ
2023 1175 2140 1227 ἀμφί-

1257 1247 1375 1281 πολοι
1399 1239 1456 1281 δύ’
1484 1238 1639 1282 ἕποντο.
1701 1241 1773 1280 De
1791 1240 1872 1280 hac
1893 1251 2067 1293 quoque
2084 1253 2141 1281 ω-

1257 1303 1378 1346 dium
1396 1310 1522 1358 parte
1541 1305 1762 1346 Vitruvius
1788 1305 1819 1345 1.
1850 1316 1912 1345 vi.
1943 1308 2009 1346 10.
2035 1304 2141 1360 (quo

1257 1369 1355 1410 loco
1374 1369 1430 1409 de
1450 1369 1704 1410 Graecornm
1723 1368 2040 1422 aedifieiis‚quoe
2059 1368 2143 1409 dis·

1259 1432 1490 1484 positione,
1505 1431 1711 1484 moribus,
1741 1435 1787 1472 et
1817 1432 1960 1472 usibus
1979 1431 2033 1472 ab
2051 1431 2143 1472 Ita-

1258 1495 1352 1536 licis
1372 1495 1637 1548 discrepant,
1654 1493 1866 1548 loquitur)
1895 1495 1959 1536 ita
1983 1494 2141 1538 tradit:

1259 1559 1273 1583 ‘
1290 1559 1344 1599 In
1361 1559 1426 1599 liis
1452 1559 1560 1599 locis
1590 1558 1800 1599 introrsus
1822 1559 2144 1600 constituuntur

1261 1623 1342 1664 oeci
1362 1623 1520 1675 magni,
1538 1622 1583 1663 in
1602 1622 1755 1676 quibus
1781 1627 1941 1664 matres
1957 1622 2142 1664 familias

1260 1694 1359 1728 cum
1376 1685 1573 1728 lanificiis
1591 1685 2020 1728 habent'sessiones.-a
2047 1686 2143 1727 Gir-

1262 1760 1360 1791 cutn
1398 1755 1542 1791 autem
1584 1750 1630 1791 in
1676 1750 1913 1803 porticibus
1955 1749 2145 1796 triclinia

1262 1813 1527 1865 quotidiana,
1555 1812 1755 1854 cubicula
1784 1812 1916 1854 etiam
1945 1817 1994 1853 et.
2012 1813 2143 1859 cella&

1261 1874 1526 1916 familiaricae
1545 1875 1880 1916 constituuntur.
1917 1874 2033 1916 Haec
2044 1887 2145 1928 pars

1264 1944 1409 1980 autem
1425 1937 1704 1990 ’γυναιιωνίτης
1720 1938 1994 1992 appellatur!
2016 1947 2018 1951 ·
2039 1939 2144 1980 Lon-

1260 2003 1344 2053 gol.
1388 2001 1555 2043 Alludit
1567 2003 1756 2055 elegant.
1766 2002 1951 2044 Plautus
1963 2001 2020 2044 ad
2029 2003 2143 2045 hone

1265 2065 1519 2107 Graecorum
1537 2073 1717 2106 morem.
1770 2066 1960 2108 Mostell.
1973 2072 2060 2109 aet.
2070 2077 2145 2108 ππ.

1263 2132 1305 2170 2.
1323 2132 1392 2171 71.
1419 2129 1433 2152 ‘
1454 2130 1574 2170 Dare
1601 2130 1694 2171 vult
1710 2137 1890 2170 uxorem
1907 2129 1999 2172 filio
2013 2143 2147 2185 quan-

1263 2197 1355 2234 tum
1376 2198 1551 2246 potest:
1583 2192 1655 2234 Ad
1675 2205 1771 2234 eam
1785 2199 1876 2235 rem
1893 2192 2039 2236 facere
2055 2196 2148 2236 vult

1265 2256 1531 2309 Gynaeceum
1576 2269 1735 2298 novum
1750 2257 1776 2309 ς’
1826 2257 1942 2311 quod
1982 2257 2146 2300 Nostro

1268 2320 1550 2373 Gyrtone-unitis.
1599 2321 1763 2361 Contra
1777 2321 2032 2374 Ἀνδρωνῒτις,
2045 2322 2147 2364 viris

1265 2384 1506 2426 destinatus
1538 2387 1672 2428 locus.
1738 2387 1961 2428 Vitruvius
1978 2387 2024 2428 in
2040 2387 2149 2428 Sex-

1266 2455 1344 2491 to:
1382 2451 1396 2474 ⁸
1416 2449 1678 2491 Andronites
1708 2450 1926 2503 dicuntur,
1953 2450 2071 2504 qnod
2102 2451 2148 2492 in

1263 2513 1329 2554 his
1349 2513 1428 2554 viri
1447 2513 1540 2555 sine
1558 2513 1975 2566 interpellationibus
1998 2514 2149 2555 mulie·

1267 2587 1361 2617 rum
1380 2582 1622 2618 versantur.
1677 2578 1877 2630 Elegant.
1904 2577 2149 2630 Xenophon

1267 2639 1493 2681 OEconom.
1511 2638 1634 2690 ἔδειξα
1653 2638 1696 2680 δὲ
1717 2639 1782 2680 καὶ
1798 2641 2065 2690 γυναικωνῒπν
2081 2640 2148 2680 αὖ·

1264 2705 1318 2757 τῇ
1349 2702 1468 2756 θύραν
1497 2703 1694 2755 βαλανείῳ
1727 2701 1938 2757 ὡρισμένην
1965 2702 2044 2744 hb
2075 2705 2150 2752 τῆς

1265 2765 1533 2819 ἀνδρονίτιδος·
1565 2766 1610 2808 id
1630 2773 1709 2819 est,
1736 2766 2037 2808 ostendiculum
2055 2767 2094 2809 ei
2111 2771 2150 2808 et

1269 2830 1610 2883 Gynoeconitidem
1642 2831 1807 2881 januam
1843 2830 1977 2871 balneo
2004 2830 2054 2871 ab
2082 2844 2151 2872 αα-

1265 2894 1462 2934 dronitide
1479 2894 1721 2935 distinctum.
1776 2893 1931 2935 Refert
1949 2893 2092 2947 Ageu.
2118 2894 2150 2934 l.

1268 2967 1387 2998 xvn.
1421 2958 1553 2998 Noct.
1574 2956 1714 2998 Attic.
1749 2962 1946 2997 extremo
1963 2955 2150 2998 Alexan·

1268 3019 1333 3060 dri
1370 3020 1551 3061 Molossi
1587 3021 1772 3072 dictum,
1797 3031 1845 3060 se
1885 3019 2058 3073 quidem
2094 3019 2150 3060 ad

1267 3083 1483 3126 Romanos
1522 3083 1602 3132 ire,
1643 3083 1762 3136 quasi
1810 3083 1854 3123 in
1897 3082 2151 3135 Ἀνδρυνΐτιν

1199 3183 1201 3185 .
1269 3145 1553 3188 Macedonem
1595 3154 1698 3187 vero
1734 3144 2028 3187 Alexandrum
2063 3145 2150 3186 isse

1268 3208 1324 3250 ad
1343 3208 1502 3249 Persas
1521 3209 1643 3262 quasi
1669 3208 1712 3249 in
1741 3209 2019 3258 γυναιιωνῆιν.
2071 3207 2150 3249 Ju-

1266 3271 1349 3312 lius
1367 3272 1526 3312 Pollux
1558 3273 1643 3313 tale
1663 3272 1866 3312 conclave
1886 3276 2010 3312 vocat
2027 3269 2149 3313 θάλα-

1266 3344 1341 3388 μον
1356 3336 1491 3389 ten-av,
1506 3334 1798 3388 ταλασιουρδγὸν
1810 3333 1929 3376 οἶκον.
1982 3333 2053 3374 De
2064 3347 2149 3388 quo

1268 3405 1411 3441 exstat
1439 3401 1567 3453 jocus
1594 3398 1835 3452 Diogenis
1849 3396 2002 3451 Cynici
2033 3398 2148 3451 apud

1268 3463 1398 3514 Diog.
1418 3461 1564 3503 Lae‘rt.
