2326 3860
283 365 521 421 equitatum
571 366 861 420 impedirent?
936 369 1168 422 Frontinus

264 436 340 473 ’115
355 435 396 472 9.
424 432 435 452 ‘
451 430 706 470 Cleomenes
720 431 1074 474 Lacedaemonius
1095 433 1167 472 ad·

279 508 429 548 versus
480 496 687 548 Hippiam
734 495 1056 547 Atheniensem,
1093 497 1167 550 qui

281 561 476 613 equitatu
534 559 817 611 praevalebat,
864 561 1088 612 planitiem
1121 560 1166 600 in

280 628 365 676 qua
381 623 659 663 dimicaturus
689 627 796 675 erat,
825 623 1052 665 arboribus
1069 635 1167 676 pro-

278 686 428 727 stratis
461 686 706 738 impedivit,
753 693 799 726 et
838 687 995 727 inviam
1030 687 1166 741 equiti

276 747 411 792 fecitss
469 750 596 790 Licet
627 751 759 791 etiam
791 763 953 804 capere
982 751 1165 792 orborum

275 817 462 863 tractum,
495 825 572 865 pro
609 812 786 865 regione
818 813 1044 855 arboribus
1063 826 1163 854 con-

276 876 362 918 sita
381 888 431 917 ac
449 876 597 917 densa.
629 876 828 919 Gebhard.
883 878 1034 920 Qualis
1050 890 1163 918 cam·

274 953 356 994 pus
393 941 705 982 Marathonius.
761 941 872 983 Vide
906 942 1092 985 Pausan.
1128 954 1161 985 ι.

275 1005 441 1056 Longol.

346 1069 567 1122 Equitutus
625 1070 814 1121 hostium]
917 1070 1163 1112 Persarum.

274 1155 395 1229 0⁸23
447 1161 588 1212 Equus.
644 1160 770 1198 ’wan
802 1162 989 1214 Equitem
1025 1166 1163 1222 notat,

274 1257 389 1302 unde
418 1258 601 1300 Pharesi
619 1261 684 1299 vel
718 1230 883 1310 Peiszu
914 1260 1028 1300 sicut
1058 1247 1162 1301 ante

275 1319 436 1361 dictum
457 1319 553 1362 fuit.
609 1323 719 1364 Sunt
739 1325 851 1365 enim
885 1324 1044 1373 ἱππικῆς
1074 1330 1161 1364 stu·

273 1383 511 1439 diosissimi,
531 1391 577 1426 et
597 1387 793 1439 equitare
813 1400 837 1427 a
859 1388 1017 1434 teneris
1034 1388 1161 1429 edoc-

274 1447 324 1487 ti.
394 1448 671 1490 Herodotus:
719 1450 943 1492 παιδεύουσι
988 1451 1031 1492 δὲ
1069 1451 1162 1493 τοὺς

273 1512 413 1552 παῖδας
433 1513 510 1553 ἀπὸ
543 1514 776 1560 πενταέτεος
802 1515 1018 1568 ἀρξάμενοι,
1043 1515 1162 1569 μεχρὶ

270 1573 526 1630 εἰκοσαέτεος,
544 1577 634 1631 τρία
647 1581 782 1633 μοῦνα,
802 1579 990 1632 ἱππεύειν,
999 1581 1064 1621 καὶ
1075 1584 1160 1632 τοξ-

269 1638 384 1692 εύειν,
404 1641 750 1695 καὶάληθίζεσθαι.
776 1646 978 1686 Keuchen.

289 1705 563 1757 „Priusquam
581 1707 869 1748 Lacedaemonii
898 1708 1070 1749 subsidio
1098 1722 1160 1750 ve·

264 1769 416 1820 nirent]
435 1770 519 1812 Qui
533 1771 808 1822 plenilunium
829 1773 1159 1825 exspectabant.

269 1831 447 1873 Lambin.
504 1835 651 1875 Secuti
668 1831 750 1876 hoc
778 1847 927 1876 omnes
957 1837 1020 1877 rei
1048 1837 1158 1877 mili-

271 1894 375 1936 taris
405 1896 536 1948 periti
569 1897 716 1938 duces.
774 1899 922 1939 Caesar
940 1900 995 1940 de
1025 1900 1077 1940 B.
1098 1899 1156 1942 G.

267 1969 302 1998 1.
335 1961 403 2000 27.
439 1964 484 2000 et
517 1959 595 2001 lib.
636 1973 716 2002 vn.
748 1966 815 2003 56.
857 1974 955 2002 nam
991 1962 1062 2016 (ut
1094 1965 1156 2005 ait

267 2022 441 2063 Hirtius
462 2023 515 2064 de
534 2025 588 2065 B.
607 2025 662 2066 G.
682 2037 784 2068 vm.
802 2025 863 2080 7.)
893 2027 907 2048 ‘
927 2027 1156 2070 Miseriore

269 2099 318 2127 ac
339 2086 516 2132 duriore
536 2088 783 2131 conditione
801 2104 899 2132 cum
914 2095 1005 2132 toto
1032 2104 1156 2134 exer-

269 2151 360 2196 oitu
382 2150 662 2195 decertatur.'
695 2154 822 2195 Gebh.

329 2215 463 2256 Persae
482 2229 561 2256 non
579 2222 725 2266 castra,
745 2220 812 2259 sed
829 2231 946 2259 naves
957 2220 1157 2272 peterent]

270 2279 399 2323 Quod
419 2285 514 2320 erat
533 2281 722 2334 ingentis
741 2282 916 2323 terroris
934 2283 1157 2336 indicium,

271 2348 317 2388 et
361 2342 683 2395 desperantium
734 2345 862 2386 rebus
910 2346 1012 2397 suis,
1059 2359 1156 2388 cum

265 2405 277 2426 ⁴
295 2407 526 2448 acerrimus
540 2409 718 2462 quisque
738 2415 898 2461 castra,
916 2415 965 2450 ut
978 2410 1158 2451 novissi-

268 2482 387 2516 mam.
419 2483 546 2524 spem
584 2472 804 2525 retineat,’
852 2478 966 2514 teste
998 2474 1156 2515 Tacito

268 2531 386 2578 Hist.
420 2545 492 2575 111.
521 2539 589 2577 48.
622 2535 818 2578 Gebhard.
872 2537 1070 2579 Justinus
1102 2550 1154 2580 11.

265 2597 277 2618 ‘
297 2596 415 2642 Victi
436 2598 581 2639 Persae
616 2599 660 2638 in
686 2612 816 2642 naves
837 2600 1154 2654 confugeruutg

266 2671 321 2699 ex
352 2659 507 2713 quibus
540 2663 686 2702 multae
719 2675 977 2716 suppressae,
1004 2666 1152 2706 multae

267 2729 410 2776 captae
433 2724 563 2765 sunt.'
601 2726 878 2768 Herodotus:
901 2727 1092 2780 φεύγουσι
1110 2728 1152 2769 δὲ

267 2788 371 2826 τοῖσι
408 2785 580 2841 Πέρσῃσι
614 2788 768 2830 εἵποντο
801 2789 1027 2844 κόπτοντες,
1058 2793 1097 2833 ἐς
1127 2791 1150 2832 δ

266 2850 330 2897 ἐπὶ
364 2847 439 2900 τὴν
468 2851 673 2893 θάλασσαν
705 2853 946 2907 ἀπικόμενοι,
985 2858 1061 2910 πῦρ
1103 2872 1151 2898 τε

268 2914 399 2963 οιῖτεον
412 2915 476 2956 καὶ
496 2917 817 2968 ἐπελαμβάνοντο
829 2923 907 2960 τῶν
915 2923 1024 2971 νεῶν,
1038 2923 1067 2962 l.
1085 2934 1149 2963 vl.

265 2979 338 3024 sic
360 2979 614 3034 Pausanias,
645 2985 719 3035 qui
755 2990 898 3025 tamen
931 2987 975 3026 in
1007 2988 1149 3028 Mara·

270 3044 412 3084 thonis
447 3045 589 3086 lacum
631 3047 834 3093 incidisse
865 3050 1150 3104 vult,'ibique

266 3105 494 3148 confertim
518 3116 773 3162 aggregatos
804 3117 850 3152 et
881 3125 1030 3156 caesos.
1057 3116 1150 3156 Ma-

262 3171 367 3222 gius.
395 3170 619 3213 Lambinus.

323 3236 410 3280 Qua
435 3248 568 3287 pugna
601 3237 702 3277 nihil
727 3238 854 3279 adhuc
882 3244 939 3281 est
964 3241 1151 3294 nobilius]

268 3299 450 3339 Causam
473 3299 620 3350 gloriae
651 3300 732 3341 hoc
763 3304 913 3354 praelio
929 3316 1150 3358 compara-

263 3367 321 3402 tae
354 3361 499 3401 subdit
530 3365 749 3407 continuo.
802 3367 875 3408 Sic
902 3368 1119 3412 Pausania
1139 3384 1158 3412 τ’

266 3425 278 3447 ‘
302 3424 442 3476 Hujus
478 3425 807 3469 illustrissimum
849 3436 915 3471 est
952 3434 1161 3484 praeliumss

264 3489 379 3542 apud
398 3489 616 3532 Plataeas!
658 3492 802 3534 Quare
821 3494 1048 3537 ridiculum
1068 3502 1152 3550 est,

265 3553 770 3610 Schottumapprobare,
799 3558 993 3605 Quoniam
1008 3572 1158 3616 ,pugna

668 246 868 290 NOTAE‘
890 250 1239 294 vAmoRtm·
1268 252 1333 296 IN
1365 255 1443 297 ,δι’
1466 253 1732 298 NEPO'HS

1231 370 1334 416 nihil
1363 371 1487 412 adhuc
1518 376 1576 412 est
1606 371 1816 413 volubilius
1824 375 1917 426 ,vet
1937 371 2119 421 'refert-0v

1231 434 1286 475 ad
1307 436 1539 488 ancipitem
1558 437 1714 477 Martis
1735 437 1886 477 aleam.
1916 431 2119 483 Gebh'rd.

1230 498 1303 538 De
1324 499 1404 539 hac
1424 511 1567 552 pugna
1596 499 1760 540 Herod.
1778 501 1924 552 Plato,
1942 497 2117 550 Plutar-

1230 562 1352 613 chus,
1386 563 1642 614 Pausanias,
1674 565 1872 605 Valerius
1899 564 1973 606 lib.
2004 578 2048 607 v.
2077 565 2120 608 3.

1227 623 1301 665 lib.
1319 637 1420 666 vm.
1438 630 1502 667 18.
1532 627 1732 668 Justiuus
1761 629 1836 669 lib.
1856 641 1910 669 11.
1928 644 1931 646 ·
1947 630 2116 678 Fronti-

1227 699 1306 727 nus
1327 687 1516 742 Strateg.
1544 690 1619 730 lib.
1641 701 1703 731 ιν.
1723 694 1762 731 7.
1791 697 1835 731 et
1856 703 1907 731 ex
1941 692 2117 743 Justiuo

1228 752 1407 792 Orosius
1428 754 1502 792 lib.
1525 765 1575 795 ιι.
1598 757 1636 795 8.
1679 754 1768 794 Per
1785 768 1875 805 eos,
1893 756 1966 809 qui
1986 757 2114 809 «εἰ-,ἰη-

1226 807 1480 867 terfuerant,
1505 817 1654 869 jurare
1684 829 1774 858 mos
1804 818 1897 860 fuit.
1951 818 2115 862 Athen.

1223 878 1301 925 lib.
1321 890 1388 919 ix.
1418 886 1611 932 pugnata
1629 887 1775 922 autem
1804 889 1872 922 est
1905 895 2018 926 anno
2045 897 2113 927 se·

1225 936 1365 982 cundo
1387 942 1660 996 Olympiadis
1680 947 1748 985 72.
1779 938 1946 986 savaro.

1299 1006 1446 1046 Tantas
1490 1007 1601 1059 opes]
1667 1006 1842 1059 Δύναμιν
1886 1009 2116 1060 πολεμικήν.

1223 1069 1546 1120 Thrasybulo,‘
1569 1071 1723 1125 Neque
1752 1076 1898 1113 tamen
1917 1085 1998 1125 pro
2019 1073 2116 1156 opi:

1224 1133 1348 1172 nione
1378 1132 1638 1185 Thrasybuli
1670 1141 1809 1176 auctae
1835 1141 1948 1179 ,sunt
1978 1136 2112 1190 opes..¹

1223 1193 1374 1250 Utitur
1394 1201 1438 1237 et
1459 1197 1635 1238 Conone
1658 1203 1704 1243 et
1736 1198 1896 1241 Dione.
1931 1199 2115 1245 Flaccus

1221 1258 1387 1313 Argon.
1423 1260 1498 1302 lib.
1532 1272 1607 1301 ιιι.
1643 1264 1737 1302 494.
1778 1262 1990 1315 ‘Repetit
2027 1275 2114 1318 quo

1224 1323 1401 1364 crimine
1421 1324 1596 1376 Perses,
1625 1325 1884 1367 Barbaricas
1910 1327 2004 1380 jam
2023 1340 2114 1380 mos

1223 1386 1287 1427 vit
1306 1399 1410 1440 opes
1426 1389 1706 1443 Hircanaqne
1722 1390 1874 1443 signa.'
1928 1392 2115 1442 Deside-

1224 1456 1322 1491 rata
1341 1457 1440 1491 sunt
1458 1452 1539 1492 hoc
1561 1453 1710 1505 praelio
1739 1467 1793 1494 ex
1825 1455 2001 1496 Persico
2035 1468 2112 1497 ex·

1223 1515 1364 1555 ercitu
1400 1527 1467 1557 cc.
1500 1515 1715 1557 hominum
1749 1518 1897 1559 millia.
1931 1517 2112 1562 Orosius

1222 1590 1275 1618 11.
1308 1581 1348 1620 9.
1394 1590 1496 1620 cxc.
1528 1581 1675 1632 millia,
1718 1582 1932 1624 Herodot.
1963 1583 2112 1626 Valet.

1223 1644 1344 1684 Max.
1373 1644 1449 1684 lib.
1469 1655 1512 1684 v.
1536 1647 1574 1685 3.
1603 1647 1615 1668 ‘
1640 1651 1837 1686 trecenta
1855 1647 1987 1686 millia
2003 1645 2015 1664 '
2046 1659 2110 1688 re-

1220 1705 1321 1749 fert.
1377 1707 1491 1749 Dum
1528 1707 1849 1763 confligeretur,
1871 1711 2005 1752 visum
2042 1709 2111 1752 fn-

1220 1770 1324 1822 isse,
1341 1772 1449 1814 dicit
1471 1773 1723 1825 Pausanias,
1754 1774 1966 1816 hominem
1996 1774 2112 1818 facie

1222 1840 1268 1876 et
1294 1838 1421 1876 armis
1456 1837 1678 1888 rusticum,
1715 1838 1804 1890 qui,
1830 1851 1927 1879 cum
1964 1846 2111 1887 aratro

1219 1898 1378 1938 multos
1398 1899 1559 1939 Persas
1589 1899 1866 1950 trucidasset,
1896 1913 2108 1955 nusquam

1220 1962 1304 2003 loci
1342 1969 1496 2015 postea
1530 1971 1788 2016 conspectus
1822 1966 1893 2007 sit.
1967 1966 2110 2014 Quem

1221 2027 1474 2068 Echetleum
1488 2028 1665 2068 heroem
1680 2027 1831 2080 fuisse,
1843 2034 1992 2082 postea
2000 2029 2111 2075 Ora·

1219 2092 1361 2133 culum
1394 2092 1583 2144 aperuit.
1658 2092 1916 2134 Plutarchus
1955 2093 2111 2141 Thesei

1220 2155 1525 2196 simulachrum
1576 2156 1714 2197 visum
1763 2156 1910 2199 voluit.
1982 2157 2110 2204 Idem

1221 2221 1476 2274 Polyzelum
1514 2222 1773 2273 Praetorem,
1807 2234 1938 2263 unum
1973 2234 1999 2264 e
2034 2222 2110 2269 de—

1221 2297 1332 2336 cem,
1353 2285 1566 2338 quendam
1588 2280 1734 2338 specie
1754 2287 1937 2327 humana
1956 2299 2110 2338 augme

1220 2349 1375 2390 tiorem
1406 2349 1695 2402 conspexisse,
1729 2349 1916 2403 indeque
1946 2362 2110 2394 coecum

1221 2413 1454 2466 redditum,
1473 2418 1624 2453 auctor
1644 2418 1724 2452 est.
1756 2414 1871 2463 Mag.

1275 2476 1525 2528 prostravit]
1554 2476 1774 2529 Frequens
1803 2476 1983 2528 phrasis.
2028 2477 2108 2520 ’(’Ῑίδ

1218 2553 1374 2590 mone;
1417 2541 1430 2563 ‘
1459 2539 1735 2580 barbarorum
1776 2551 1859 2579 uno
1896 2549 2108 2583 concursu

1217 2603 1448 2644 maximam
1471 2602 1554 2643 vim
1575 2602 1841 2655 prostravit!
1899 2603 2019 2644 Curt.
2031 2603 2108 2649 lib.

1218 2678 1284 2708 xx.
1307 2655 1374 2720 pr.
1402 2666 1658 2719 ‘Quicquid
1690 2665 1812 2706 Indis
1846 2666 2000 2708 virium
2037 2665 2108 2709 fu·-

1217 2730 1336 2782 isset,
1378 2730 1457 2770 illa
1500 2728 1776 2770 dimicatione
1809 2729 2108 2782 prostratum-³

1225 2793 1377 2834 Caesar
1407 2793 1483 2833 lib.
1503 2805 1586 2833 vn.
1605 2795 1671 2833 78.
1702 2794 1714 2815 ‘
1734 2793 1827 2834 Nec
1852 2793 2036 2835 stultitia
2053 2804 2108 2839 ae

1216 2858 1466 2899 temeritate
1479 2863 1625 2898 vestra
1633 2862 1706 2897 aut
1716 2857 2011 2899 imbecillitate
2017 2857 2110 2901 ani-

1215 2922 1271 2962 mi
1286 2926 1452 2962 omnem
1465 2920 1648 2962 Galliam
1658 2920 1965 2972 prosternere!
1979 2920 2109 2965 Gema.

1272 2987 1386 3028 Cn».
1414 2991 1453 3028 6.
1514 2987 1570 3026 Ut
1601 2986 1737 3038 populi
1772 2988 1895 3026 nostri
1923 2985 2108 3038 honores]

1213 3051 1392 3104 ScrIpti,
1421 3050 1476 3090 Ut
1495 3050 1598 3090 enim
1620 3050 1675 3089 P.
1697 3050 1751 3091 R.
1769 3050 1946 3091 honores.
1975 3050 2106 3094 Quod

1215 3116 1391 3157 rectius.
1451 3115 1562 3154 Nam
1585 3113 1685 3154 alibi
1701 3126 1763 3153 Slc
1778 3113 1982 3166 loquitur.
2020 3114 2108 3155 Ex.

1214 3179 1357 3231 empla
1374 3178 1565 3218 locorum
1585 3176 1740 3229 passim
1761 3176 1903 3218 obvia.
1922 3177 2087 3219 Koch.

1238 3254 1246 3259 ‘
1267 3242 1399 3294 Atque
1429 3239 1609 3292 obsoleti]
1650 3239 1723 3280 Sic
1743 3240 1974 3292 legendum
1992 3240 2105 3294 poti.

1214 3318 1263 3346 ns
1283 3317 1408 3358 quam
1427 3304 1587 3356 aboleti,
1619 3309 1668 3343 ut
1701 3303 1861 3344 habent
1890 3302 1991 3344 libri
2010 3303 2106 3346 vuli

1216 3370 1320 3422 gati.
1376 3371 1389 3391 ‘
1407 3368 1643 3409 obsoletos
1662 3367 1844 3407 honores
1857 3365 1869 3383 '
1888 3365 2105 3420 interpres

1216 3440 1301 3485 tor,
1339 3432 1465 3473 tritos
1485 3436 1531 3471 et
1551 3430 1890 3470 nimis'usitatos.
1948 3429 2103 3484 Oppo-

1215 3496 1301 3537 suit
1319 3500 1465 3536 autem
1483 3493 1702 3534 obsoletos
1717 3493 1839 3544 raris,
1858 3490 2018 3535 effusos
2039 3499 2104 3536 te-

1213 3559 1387 3613 nuibus,
1420 3562 1472 3600 ut
1489 3558 1547 3599 sit
1565 3555 1734 3609 χσῑισμός.
1757 3557 1900 3601 Lmb.
1921 3605 1925 3610 ,
1943 3557 2104 3611 ,(3υηὶ-
