2346 3886
791 266 875 307 nn
913 266 1232 309 commun
1272 264 1540 306 NEPOTE.
1998 254 2080 307 '35

246 387 422 445 Attici
440 396 454 411 ²
472 386 768 441 consilium
813 386 1141 455 approbare,
1181 385 1276 453 qui
1322 384 1489 438 bellis
1531 382 1814 448 civilibus,
1853 399 1982 452 quae
2020 384 2082 437 in

245 473 371 544 ejus
412 478 637 527 aetatem
682 473 1013 534 inciderunt,
1053 473 1315 523 interesse
1363 469 1620 533 noluerit,
1673 469 1773 521 sed
1820 469 1972 522 domi
2001 471 2078 523 ‘se
2168 516 2171 520 ,

244 559 595 621 continuerit,
632 564 686 611 et
725 558 1020 626 quieverit,
1058 556 1209 624 quod
1245 555 1463 623 quidem
1506 555 1932 623 prudentissimi
1977 555 2082 608 viri

244 643 542 697 consilium
567 643 880 712 factumque
905 642 1095 694 exitus
1120 642 1524 708 comprobavit.
1591 640 1738 693 Nam
1763 640 1887 691 aliis
1908 642 2081 693 omni-

244 726 372 793 bus,
398 731 494 797 qui
520 730 606 781 vel
630 730 748 792 has,
787 729 875 781 vel
901 728 1029 780 illas
1052 732 1236 795 partes
1264 728 1439 779 secuti
1466 731 1638 790 erant,
1679 733 1775 777 aut
1800 726 2081 795 proscrip-

246 814 400 868 tis-et
415 814 705 883 jugulatis,
732 819 830 865 aut
856 814 912 865 in
938 813 1060 864 acie
1086 813 1443 877 iuteremptiS,
1468 827 1610 863 unus
1637 810 1862 863 Atticus
1889 811 2078 863 salvus

246 915 318 952 ex
346 902 432 952 tot
454 900 729 968 tantisque
751 899 1079 967 reipublicae
1105 898 1365 955 fluctibus
1389 898 1630 949 emersit.
1694 896 1892 963 Itaque
1917 895 1986 947 de
2012 913 2079 950 eo

244 985 326 1041 ita
366 984 657 1038 Cornelius
709 984 914 1052 Nepos
952 985 1009 1035 in
1049 983 1172 1052 ejus
1211 983 1326 1035 vita
1368 984 1555 1046 (xxv.
1580 978 1726 1049 10.):
1767 985 1783 1007 ‘
1811 980 1981 1044 Quod
2032 982 2080 1034 si

246 1069 579 1137 gubernator
599 1070 888 1138 praecipua
911 1067 1074 1121 laude
1099 1067 1287 1131 fertur,
1303 1068 1401 1135 qui
1421 1083 1622 1118 navem
1647 1054 1727 1117 ex'
1746 1065 1940 1134 hyeme
1964 1083 2081 1118 ma-

244 1155 404 1223 rique
432 1155 732 1222 scopuloso
757 1161 972 1219 servat;
1011 1168 1108 1204 cur
1131 1168 1241 1204 non
1268 1151 1562 1218 singularis
1591 1152 1711 1220 ejus
1738 1151 2082 1202 existimetur

249 1239 564 1307 prudentia,
585 1239 679 1307 qui
703 1254 777 1290 ex
800 1242 882 1290 tot
905 1243 1126 1306 tamque
1152 1238 1411 1303 gravibus
1437 1236 1698 1304 procellis
1725 1236 1985 1288 civilibus
2011 1236 2083 1289 ad

248 1310 684 1375 incolumitatem
710 1323 963 1390 pervenit
977 1321 1019 1374 ‘Q'
1075 1321 1143 1373 In
1189 1319 1454 1389 Agesilao
1497 1323 1672 1384 (xvn.
1697 1322 1775 1382 4.)
1823 1322 1934 1373 sic:
1974 1324 1991 1349 ‘
2014 1320 2084 1373 In

251 1406 357 1459 hoc
395 1424 505 1459 non
537 1408 720 1460 minus
763 1409 879 1477 ejus
934 1409 1111 1476 pietas
1158 1406 1519 1474 suspicienda
1561 1411 1662 1468 est,
1703 1422 1871 1472 quam
1911 1407 2083 1460 virtus

249 1492 491 1546 bellica&
527 1493 639 1558 qui,
662 1508 788 1543 cum
828 1492 1024 1544 victori
1049 1495 1316 1559 praeesset
1347 1491 1636 1553 exercitui,
1678 1491 2082 1560 maximamque

248 1577 476 1645 haberet
508 1576 771 1628 fiduciam
807 1577 955 1643 regni
982 1577 1282 1628 Persarum
1305 1576 1580 1644 potiundi,
1620 1582 1780 1628 tanta
1807 1576 2085 1630 modestia

247 1662 405 1716 dicto
427 1662 660 1714 audiens
686 1662 794 1713 fuit
810 1662 986 1730 jussis
1014 1662 1326 1714 absentium
1350 1662 1791 1727 magistratuum,
1817 1667 1877 1713 ut
1902 1662 1950 1714 si
1976 1662 2084 1730 pri-

245 1751 415 1801 vatus
440 1747 498 1799 in
533 1747 759 1799 comitio
799 1750 948 1798 esset
978 1746 1221 1815 Spartae.
1299 1745 1473 1814 Cujus
1517 1746 1841 1814 exemplum
1877 1748 2086 1802 utinam

248 1831 615 1900 imperatores
659 1833 835 1884 nostri
884 1831 1048 1899 sequi
1086 1830 1394 1884 voluissent
1411 1828 1440 1883 !’
1513 1830 1628 1882 Hic
1664 1831 1820 1882 locus
1861 1832 2084 1897 clamat,

244 1921 533 1970 auctorem
557 1916 722 1985 hujus
747 1916 871 1969 libri
899 1931 1123 1984 carpere
1148 1919 1203 1967 et
1225 1921 1416 1967 notare
1450 1915 1715 1984 Pompeii
1739 1920 1795 1968 et
1818 1915 2083 1981 CaesariS,

245 2001 356 2056 sed
381 2002 625 2055 maxime
652 2001 918 2067 CaesariS,
955 1990 1411 2071 potentiamffion
1452 2000 1750 2065 ferendam,
1793 2003 1889 2070 qui
1912 2004 2086 2072 impe-

249 2088 396 2141 rium
419 2092 476 2141 et
493 2088 803 2140 exercitum
828 2089 1056 2141 retinere
1080 2087 1226 2140 ultra
1249 2091 1468 2155 tempus
1488 2088 1613 2154 lege
1637 2104 1966 2141 concessum
1990 2106 2086 2143 vo·-

244 2172 428 2226 ioerit.
501 2172 687 2226 Etiam
714 2173 786 2225 ad
821 2173 967 2226 hunc
988 2173 1174 2226 locum
1199 2172 1330 2225 vide
1372 2188 1501 2240 quae
1541 2174 1941 2226 annotavimus.
2015 2176 2086 2229 In

253 2257 499 2311 Eumene
532 2261 745 2323 (xvm.
766 2259 842 2323 1.)
877 2258 991 2312 sic:
1055 2261 1073 2285 ‘
1101 2257 1304 2326 Itaque
1353 2274 1478 2309 eum
1525 2257 1716 2310 habuit
1757 2258 1829 2310 ad
1864 2276 2085 2314 manum

249 2342 452 2396 soeibae
475 2343 633 2396 loco:
673 2343 825 2411 quod
864 2344 1036 2396 multo
1075 2343 1227 2411 apud
1268 2342 1476 2395 Graios
1501 2342 1951 2396 honorificentius
1981 2351 2084 2410 est,

247 2442 426 2495 ,quam
446 2426 596 2495 apud
622 2425 928 2479 Romanos.
1003 2426 1156 2479 Nam
1181 2427 1331 2495 apud
1369 2443 1472 2480 nos
1502 2443 1713 2491 revera,
1751 2430 1907 2481 sicut
1935 2436 2086 2494 sunt,

235 2511 572 2565 moenai-ii
595 2512 796 2564 scribae
821 2510 1243 2564 existimantur!
1320 2513 1510 2565 Etiam
1545 2513 1638 2566 hic
1676 2514 1835 2566 locus
1857 2514 2084 2579 indicat,

247 2596 396 2650 hunc
419 2597 620 2650 librum
643 2613 769 2650 esse
796 2598 1063 2665 scriptum
1090 2596 1360 2650 Romanis
1384 2599 1844 2667 potentiapopuli
1877 2604 1933 2652 et
1956 2615 2088 2653 auc-

245 2681 474 2735 imitate
497 2683 827 2750 optimatum
851 2683 1151 2746 utentibus,
1188 2698 1303 2747 non
1335 2682 1759 2750 imperatoribus
1799 2682 2088 2736 dominan-

248 2766 424 2820 fihus.
500 2766 669 2831 Quod
694 2768 914 2836 planius
938 2767 1051 2832 flet,
1073 2768 1124 2820 si
1146 2767 1273 2836 quis
1297 2766 1464 2834 legat,
1500 2782 1630 2835 quae
1658 2767 1825 2820 etiam
1849 2766 1920 2819 ad
1942 2766 2087 2822 hunc

253 2851 440 2905 locum
498 2854 903 2906 annotavimuS.
997 2851 1218 2905 Ibidem
1266 2853 1481 2914 (xvlu.
1525 2850 1608 2914 3.)
1666 2852 1782 2904 sic:
1848 2855 1865 2879 ‘
1893 2851 2088 2909 Mace·

248 2935 435 2989 dones
458 2951 592 2989 vero
616 2938 819 2991 milites
853 2955 923 2990 ea
959 2942 1093 2991 tunc
1118 2942 1272 2991 erant
1304 2938 1475 3001 fama,
1515 2954 1624 3006 qua
1662 2953 1809 2988 nunc
1847 2937 2088 3001 Romani

244 3019 530 3074 feruntur:
555 3024 759 3075 etenim
784 3040 1000 3092 semper
1021 3023 1195 3076 habiti
1217 3028 1345 3075 sunt
1362 3023 1670 3086 fortissimi,
1693 3024 1788 3090 qui
1816 3037 2088 3074 summam

250 3105 473 3172 imperii
499 3106 824 3172 potirentur.'
877 3107 994 3159 Hic
1019 3123 1239 3175 quoque
1262 3108 1418 3159 locus
1442 3108 1708 3170 declarat,
1727 3107 1871 3158 hunc
1888 3106 2088 3159 librum

252 3203 385 3242 mse
428 3187 726 3255 scriptum,
775 3207 887 3259 quo
936 3196 1180 3259 tempore
1231 3191 1480 3259 populus
1530 3191 1819 3243 Romanus
1868 3189 2089 3259 imperii

251 3288 534 3326 numam
559 3274 859 3339 obtinebat,
897 3293 1012 3328 non
1054 3292 1166 3344 quo
1211 3276 1571 3344 imperatores
1611 3276 1796 3327 omnia
1827 3276 1885 3327 in
1928 3262 2089 3327 suam

250 3361 593 3426 potestatem
618 3358 959 3427 redegerant.
1015 3360 1181 3423 Nam,
1207 3360 1634 3427 imperatoribus
1659 3359 2086 3421 dominantibuS‚

258 3439 526 3498 Omani
549 3446 607 3497 et
629 3443 880 3498 barbarae
915 3446 1166 3498 nationes
1204 3445 1604 3497 firmamentum
1638 3449 1695 3497 et
1733 3444 1903 3497 robur
1938 3448 2090 3497 eraut
