2352 3892
1011 283 1179 326 νιτΑ.
1364 242 1367 245 ῃ
1932 276 2004 329 17

178 404 471 470 exercitui,
494 404 905 475 maximamque
926 405 1156 459 haberet
1186 394 1459 458 fiduciam'
1489 404 1669 473 Regni
1711 406 2006 462 Persarum

176 488 452 561 potiundi,
473 492 625 544 tanta
644 489 919 544 modestia
942 489 1092 544 dicto
1118 489 1346 543 audiens
1370 489 1475 543 fuit
1489 491 1668 560 jussis
1694 492 2008 547 absentium

179 574 629 645 Magistratuum,
661 579 727 626 ut
767 575 816 627 si
863 574 1118 642 privatus
1156 575 1216 626 in
1258 572 1496 627 Comitio
1543 582 1699 628 esset
1749 577 2007 645 Spartae:

180 661 342 731 cujus
386 659 705 728 exemplum
738 659 951 711 utinam
989 657 1360 727 Imperatores
1396 659 1568 711 nostri
1607 661 1764 728 sequi
1804 662 2010 713 voluis-

180 742 338 798 sent!
410 743 527 798 Hic
574 744 752 807 loeuS,
795 743 995 812 inquit,
1033 742 1252 805 clamat,
1289 740 1590 795 Auctorem
1636 743 1805 812 hujus
1853 744 2010 799 Libri

179 843 406 898 carpere
430 833 485 881 et
507 832 698 882 notare
725 828 983 897 Pompeii
1008 832 1062 880 et
1089 826 1354 891 CaesariS,
1383 828 1481 879 sed
1506 829 1750 882 maxime
1770 827 2010 884 Caesaris

178 913 484 981 potentiam
505 931 613 967 non
635 912 936 978 ferendam,
966 912 1063 981 qui
1106 913 1401 980 imperium
1444 915 1499 963 et
1539 914 1842 965 exercitum
1879 917 2011 968 reti-

178 1011 305 1050 nere
325 998 468 1051 ultra
490 1003 709 1067 tempus
733 998 853 1065 lege
886 1012 1215 1049 concessum
1238 996 1489 1050 voluerit.
1539 995 1634 1048 Ad
1660 998 1812 1049 aliud
1837 987 2022 1052 trans-⁸

179 1096 268 1146 eo,
315 1083 468 1153 quod
505 1100 579 1137 ex
622 1082 868 1135 Eumene
909 1081 1231 1136 deducitur:
1305 1085 1322 1109 ‘
1350 1077 1444 1135 Sic
1496 1073 1837 1134 Macedones
1881 1099 2012 1140 vero

179 1166 388 1220 milites
422 1184 491 1221 ea
535 1173 668 1221 tunc
716 1172 867 1221 erant
905 1168 1074 1232 fama,
1121 1183 1236 1237 qua
1278 1184 1422 1220 nunc
1473 1166 1713 1220 Romani
1757 1168 2013 1224 feruntur.

180 1248 398 1305 Etenim
422 1268 642 1322 semper
659 1253 836 1308 habiti
859 1257 988 1307 sunt
1022 1252 1331 1317 fortissimi,
1360 1253 1457 1321 qui
1483 1268 1752 1305 summam
1784 1252 2015 1323 Imperii

181 1337 526 1404 potirentur!
598 1337 694 1402 At,
733 1338 930 1406 inquit,
967 1338 1128 1390 locus
1170 1338 1262 1390 ille
1311 1337 1557 1390 declarat
1591 1337 1738 1390 hunc
1782 1337 2015 1393 Librum

181 1435 308 1473 esse
344 1422 634 1491 scriptum,
666 1438 777 1491 quo
814 1426 1057 1492 tempore
1095 1420 1352 1488 Populus
1390 1420 1554 1475 Rom.
1594 1421 1827 1490 Imperii
1864 1439 2014 1476 sum-

180 1519 330 1557 mam
350 1507 650 1570 obtinebat,
673 1510 775 1560 &c.
826 1505 1129 1574 Supersunt
1152 1505 1264 1558 duo
1287 1509 1498 1558 tantum
1524 1505 1860 1560 testimonia.
1900 1505 2015 1562 Sed

180 1588 237 1641 in
259 1605 374 1643 uno
399 1591 583 1644 solum
606 1591 812 1653 haereo,
833 1590 1052 1658 hocque
1090 1590 1258 1643 etiam
1282 1590 1342 1641 in
1367 1588 1614 1643 Eumene
1640 1591 1724 1645 sic
1754 1591 2014 1647 habetur:

181 1675 199 1700 ‘
226 1672 484 1744 Namque
515 1675 615 1728 illa
639 1673 904 1727 Phalanx
924 1671 1093 1726 Alex.
1121 1672 1205 1725 M.
1231 1689 1359 1742 quae
1383 1671 1583 1728 Asiam
1609 1670 2017 1741 devicerat,'in-

181 1762 428 1814 veterata
475 1776 605 1813 cum
643 1759 838 1828 gloria,
883 1762 1002 1811 tum
1040 1757 1209 1814 etiam
1256 1757 1502 1823 licentia,
1545 1775 1658 1814 non
1704 1776 1903 1829 parere
1951 1777 2014 1815 se

182 1843 456 1910 Ducibus,
484 1845 586 1898 sed
629 1845 902 1914 imperare
941 1843 1296 1913 postulabat:
1333 1848 1398 1895 ut
1436 1858 1580 1896 nunc
1622 1842 1890 1898 Veterani
1930 1845 2014 1900 fa·

183 1930 353 1983 ciunt.
426 1930 624 2001 Itaque
649 1929 961 1999 periculum
1004 1932 1089 1982 est
1128 1945 1197 1980 ne
1234 1927 1463 1992 faciant,
1490 1927 1640 1996 quod
1663 1927 1750 1981 illi
1772 1929 2018 1985 fecerunt

183 2029 289 2067 sua
333 2014 762 2085 intemperantia
808 2014 1091 2087 nimiaque
1135 2013 1376 2078 licentia,
1421 2017 1483 2065 ut
1531 2013 1717 2068 omnia
1761 2010 2016 2085 perdant,

180 2114 358 2168 neque
377 2101 558 2154 minus
582 2115 679 2153 eos
703 2115 830 2152 cum
856 2099 1060 2175 quibus
1100 2097 1366 2166 steterint,
1393 2113 1564 2166 quam
1589 2097 1852 2151 adversus
1876 2116 2017 2169 quos

180 2182 449 2237 fecerint!
521 2184 639 2238 Hic
662 2185 822 2237 locus
849 2181 898 2236 si
926 2187 1134 2236 attente
1164 2181 1563 2247 consideretur,
1591 2183 1768 2255 inquit
1791 2183 2017 2238 Lambi-

181 2275 308 2332 nus,
332 2278 553 2340 unaque
589 2270 835 2337 legantur
883 2284 1007 2336 quae
1053 2268 1126 2321 ad
1165 2283 1290 2320 eum
1335 2268 1738 2332 annotavimus,
1769 2269 2017 2322 omnium

184 2344 535 2420 apertissime
573 2354 787 2407 indicat
833 2357 998 2422 atque
1046 2353 1225 2421 arguit
1276 2352 1445 2422 hujus
1489 2351 1644 2409 Libri
1689 2350 2018 2422 scriptorem

187 2436 488 2490 Consulum
514 2454 838 2501 annuorum,
864 2454 974 2490 non
1009 2437 1405 2507 Imperatorum
1453 2441 1845 2506 perpetuorum
1882 2442 2019 2490 tem-

184 2521 413 2590 poribus
450 2526 506 2575 et
544 2523 797 2575 floruisse
834 2527 888 2575 et
912 2523 1226 2590 scripsisse.
1303 2523 1400 2575 Sic
1427 2526 1607 2574 autem
1632 2521 1936 2575 Lambinus
1961 2524 2021 2575 in

183 2604 653 2660 Annotationibus
683 2607 755 2661 ad
799 2607 944 2659 hunc
994 2608 1183 2660 loeum
1218 2607 1417 2662 habet:
1455 2609 1473 2637 ‘
1500 2606 1681 2663 Etiam
1721 2606 1812 2659 hic
1860 2607 2019 2660 locus

186 2690 405 2756 clamat,
429 2691 596 2762 hujus
624 2692 779 2744 Libri
803 2689 1103 2744 Auctorem
1137 2691 1392 2744 floruisse
1430 2696 1591 2745 aetate
1629 2689 1712 2742 M.
1737 2689 1926 2756 Tullii,
1963 2693 2022 2745 et

186 2774 491 2849 Pomponii
525 2775 720 2840 Attici,
755 2779 809 2828 et
854 2775 956 2828 Cn.
985 2774 1263 2844 Pompeii,
1306 2781 1362 2829 et
1404 2774 1468 2829 C.
1496 2774 1533 2827 J
1537 2774 1636 2827 ulii
1679 2771 1941 2840 Caes'ariS‚
1966 2780 2024 2832 et

187 2873 303 2934 quo
326 2864 570 2930 tempore
609 2861 837 2913 lababat
881 2860 1061 2930 Resp.
1102 2861 1272 2914 Rom.
1304 2867 1361 2914 et
1396 2860 1467 2913 ad
1505 2859 1848 2929 tyrannidem
1891 2876 2022 2929 pro·

186 2943 500 3020 pendebat3
537 2945 779 2998 nondum
805 2949 988 2998 autem
1013 2962 1241 3015 prorsus
1268 2947 1329 2999 in
1353 2946 1520 2998 unius
1542 2950 1814 3014 potestate
1837 2960 2023 2998 versa—

185 3027 368 3081 batur.
463 3029 592 3094 Quo
640 3032 824 3083 minus
875 3031 1139 3086 credibile
1189 3036 1275 3085 est
1333 3036 1495 3085 aetate
1544 3048 1667 3083 eum
1718 3027 2023 3081 Theodosii

185 3111 437 3166 vixisse-3
512 3114 609 3167 Sic
645 3120 831 3167 autem
857 3116 1105 3185 queritur
1148 3116 1228 3169 M.
1254 3117 1470 3170 Tullius
1512 3116 1581 3168 de
1622 3113 2023 3167 Veteranorum

187 3198 451 3266 superbia
493 3203 550 3251 et
592 3201 922 3268 arrogantia,
966 3200 1215 3270 Philipp.
1244 3215 1335 3255 xl.
1382 3205 1399 3229 ‘
1427 3200 1779 3269 Quanquam,
1825 3197 2025 3251 Patres

187 3284 507 3353 conscripti,
534 3301 824 3355 quousque
852 3286 1146 3340 sententias
1172 3285 1426 3339 dicemus
1451 3285 1855 3338 Veteranorum
1878 3281 2027 3336 arbi·

187 3367 372 3420 statu?
411 3367 563 3437 q'uod
590 3384 781 3422 eorum
805 3369 1106 3434 fastidium,
1133 3385 1260 3438 quae
1294 3374 1468 3423 tanta
1490 3367 1809 3436 arrogantia
1826 3368 1936 3438 ΝΕ,
1957 3369 2025 3423 ut

188 3449 262 3503 ad
275 3451 573 3506 arbitrium
587 3467 787 3506 eornm
810 3453 980 3509 etiam
1006 3455 1383 3523 Imperatores
1407 3452 1713 3524 deligamus
1730 3451 1776 3507 ‘l’
1888 3463 1889 3466 ’

296 3547 442 3601 ΒεὶρΙι.
460 3553 500 3590 et
524 3549 620 3593 γαν.
641 3550 750 3592 Clas.
1064 3552 1172 3605 Nep.
1871 3550 1912 3593 B
