2352 3892
377 223 449 274 16
997 235 1296 278 CORNELII
1341 235 1603 275 NEPOTIS

378 355 519 410 siani
547 355 658 409 aevi
684 370 999 424 quenquam
1039 356 1229 420 alium,
1268 355 1434 425 hujus
1477 357 1664 426 operis
1700 359 1976 410 auctorem
2013 356 2205 424 fuisse,

377 457 516 514 pura
554 443 611 493 et
649 439 907 492 Romana
948 439 1114 508 hujus
1153 439 1309 492 Libri
1348 440 1521 494 dictio
1560 441 1975 494 evidentissime
2015 444 2221 538 arguit..

378 525 621 579 Accedit
647 529 702 578 et
728 524 904 576 altera
937 524 1147 593 duplex
1187 525 1345 590 ratio,
1373 525 1527 594 quod
1563 526 1819 578 nimirum
1853 525 1945 596 (ut
1985 527 2044 578 in
2082 526 2214 596 ejus

379 611 495 665 vita
516 610 697 679 inquit
714 606 1044 679 Vossius)‘
1066 609 1306 662 Tulliani
1344 626 1467 664 esse
1507 611 1616 664 aevi
1652 611 1992 679 scriptorem,
2025 627 2210 680 neque

380 697 547 749 alium
573 711 742 764 quam
767 694 1074 763 Nepotem,
1098 700 1225 747 tum
1243 698 1488 748 veterum
1514 696 1729 764 aliquot
1752 695 2042 748 Librorum
2067 696 2210 749 indi·
2232 742 2234 744 ,

381 782 471 834 cio
495 782 879 848 cognoscitur3
918 784 1034 833 tum
1058 779 1244 847 etiam,
1271 781 1419 849 quod
1444 781 1515 833 ad
1549 781 1752 850 Pomp.
1796 779 2050 834 Atticum
2085 779 2210 851 (cu-

373 868 471 936 jus
511 866 660 918 idem
696 869 892 933 rogatu
920 864 988 918 de
1023 865 1141 918 vita
1178 863 1406 918 Catonis
1446 865 1678 918 Librum
1699 863 1855 934 fecit)
1899 864 2055 917 Vitae
2084 866 2208 919 istae

382 950 721 1005 scribantur?
796 951 1075 1004 Praeterea
1099 967 1166 1003 eo
1205 949 1265 1002 in
1307 966 1475 1019 opere
1506 948 1678 1004 multa
1714 951 1979 1018 leguntur,
2006 954 2022 977 ‘
2044 950 2210 1019 quae,'

381 1041 442 1088 ut
466 1035 610 1088 idem
635 1034 884 1088 Vossius
910 1033 1115 1087 ibidem
1142 1035 1241 1098 ait,
1281 1037 1297 1061 ‘
1317 1050 1458 1103 opus
1492 1035 1598 1088 hoc
1637 1035 1905 1103 seriptum
1942 1051 2063 1088 esse
2097 1035 2212 1089 cla-

381 1125 532 1173 mant
557 1137 669 1190 quo
694 1126 943 1189 tempore
968 1119 1272 1188 Pompeius
1298 1125 1354 1173 et
1379 1119 1575 1174 Caesar
1597 1122 1726 1190 plus
1747 1126 2019 1190 poterant,
2044 1137 2211 1190 quam

381 1207 553 1259 libera
599 1206 659 1258 in
709 1202 856 1274 Rep.
904 1205 1235 1274 expediret?
1327 1197 1476 1260 Haec
1522 1211 1700 1259 autem
1748 1206 1932 1260 omnia
1973 1206 2211 1276 Dionys·

385 1290 692 1344 Lambinus
719 1292 1036 1358 congessit:
1074 1308 1300 1360 quorum
1328 1296 1513 1344 tamen
1537 1291 1846 1359 praecipua,
1884 1295 1942 1344 et
1977 1305 2106 1359 quae
2141 1291 2214 1343 ad

382 1377 651 1428 intentum
675 1381 919 1430 nostrum
940 1375 1122 1444 magis
1149 1376 1480 1447 conducent,
1498 1377 1694 1428 ceteris
1720 1376 1998 1429 brevitatis
2023 1392 2214 1440 causa,

385 1462 520 1530 quia
544 1463 710 1529 plura
746 1465 892 1525 sunt,
931 1451 1194 1525 semotis,
1221 1461 1455 1529 seligere
1495 1461 1677 1514 liceat.
1752 1460 2001 1514 Primum
2028 1467 2214 1514 autem

384 1564 459 1599 ex
511 1546 767 1599 Miltiade
809 1546 892 1599 sic
941 1544 1203 1599 habetur:
1266 1550 1283 1574 ‘
1311 1545 1488 1615 Cujus
1529 1546 1784 1599 victoriae
1825 1561 1936 1598 non
1974 1545 2215 1599 alienum

384 1633 617 1695 videtur,
644 1631 806 1700 quale
824 1629 1116 1699 praemium
1142 1630 1394 1683 Miltiadi
1419 1631 1495 1683 sit
1517 1630 1800 1694 tributum,
1827 1630 2058 1698 docere3
2105 1647 2215 1699 quo

384 1718 606 1780 facilius
654 1716 886 1784 intelligi
927 1715 1105 1783 possit
1166 1715 1396 1767 eandem
1443 1716 1689 1767 omnium
1739 1714 2043 1768 Civitatum
2094 1732 2219 1769 esse

385 1807 671 1855 naturam:
712 1807 772 1853 ut
807 1799 1001 1869 populi
1043 1801 1217 1852 nostri
1252 1800 1493 1854 honores
1533 1800 1812 1869 quondam
1855 1800 2071 1853 fuerunt
2110 1801 2218 1867 rari

386 1891 440 1940 et
465 1891 675 1951 tenueS,
699 1887 776 1939 ob
797 1891 1030 1954 eamque
1075 1885 1308 1939 causam
1346 1882 1589 1954 gloriosi,
1636 1903 1784 1938 nunc
1831 1891 2015 1940 autem
2054 1876 2225 1956 effusi'

389 1978 555 2041 atque
600 1972 868 2039 obsoleti3
918 1972 1003 2024 sic
1043 1971 1177 2023 olim
1217 1972 1365 2041 apud
1407 1971 1766 2025 Athenienses
1807 1972 1983 2025 fuisse
2018 1973 2230 2042 reperi-·

388 2055 551 2110 mus?
626 2057 686 2108 H
691 2073 776 2109 aec
803 2060 985 2110 autem
1014 2058 1205 2121 verba,
1237 2058 1413 2127 inquit
1453 2058 1776 2122 LambinuS,
1805 2061 2038 2124 arguunt
2077 2057 2220 2110 hunc
2320 2077 2322 2079 ’

389 2142 617 2196 Librum
644 2142 911 2209 scriptum
939 2158 1088 2206 esse,
1114 2157 1225 2211 quo
1250 2147 1493 2212 tempore
1532 2158 1705 2211 penes
1735 2142 2007 2211 populum
2031 2142 2226 2210 aliqua·

390 2226 571 2278 adhuc
606 2230 858 2295 potestas
907 2229 1058 2292 erat;
1114 2243 1224 2279 non
1266 2232 1512 2295 tempore
1556 2226 1878 2290 Theodosii,
1927 2242 2040 2295 quo
2085 2225 2231 2278 nihil'

390 2312 644 2380 populus
662 2315 900 2380 poterat.
976 2311 1047 2363 In
1070 2310 1458 2380 Epaminonda
1494 2329 1627 2365 vero
1652 2312 1735 2365 sic
1776 2312 2008 2378 legitur:
2047 2315 2063 2338 ‘
2092 2309 2221 2375 Quo

390 2401 639 2465 tempore
665 2397 828 2450 Duce
853 2396 1135 2466 Pelopida
1159 2397 1355 2451 exules
1375 2398 1598 2452 Rebas
1625 2400 1983 2466 occuparunt,
2003 2400 2057 2448 et
2078 2407 2230 2464 prae-·

391 2481 590 2534 sidium
617 2480 1170 2535 Lacaedemoniorum
1210 2499 1287 2535 ex
1329 2499 1456 2535 arce
1498 2483 1850 2551 expulerunt,
1887 2479 2230 2549 Epaminon-'1

393 2567 517 2632 das,
545 2568 794 2636 quandiu
835 2569 989 2621 facta
1032 2571 1116 2619 est
1163 2568 1354 2631 caedes
1403 2568 1632 2632 civium,
1675 2567 1826 2620 domi
1875 2581 1938 2618 se
1983 2564 2220 2628 retinuit,

393 2653 542 2721 quod
566 2669 756 2722 neque
771 2654 950 2706 malos
977 2653 1272 2706 defendere
1295 2654 1537 2717 volebat,
1563 2668 1745 2720 neque
1781 2651 2120 2718 impugnare,
2149 2656 2230 2705 ne?

390 2753 586 2789 manus
610 2741 837 2790 suorum
859 2739 1128 2804 sanguine
1153 2741 1481 2790 cruentaret.
1558 2737 1818 2804 Namque
1844 2750 2060 2787 omnem
2086 2735 2225 2788 civi·

390 2823 499 2874 le'm
524 2823 833 2885 victoriam,
860 2821 1138 2874 funestam
1175 2819 1450 2890 putabat.'
1527 2819 1769 2873 Videtur
1799 2818 2117 2883 his-verbis,
2139 2819 2235 2871 iri-'-

394 2907 534 2975 quit,
561 2911 749 2959 noster
779 2906 1039 2973 scriptor,
1074 2909 1129 2958 et
1170 2905 1302 2958 belli
1344 2904 1526 2957 civilis
1569 2909 1844 2968 auctores,
1890 2903 2230 2973 Pompeium

393 2993 447 3042 et
471 2987 774 3054 Caesarem,
801 2990 859 3042 in
883 3007 992 3057 quo
1016 2994 1226 3042 tantum
1267 2989 1552 3058 sanguinis
1591 2989 1776 3042 civilis
1815 2989 2111 3057 profusum·
2129 2989 2223 3052 sit,

392 3078 601 3139 notare,
629 3079 683 3128 et
706 3076 874 3129 tacite
902 3074 1203 3143 Pomponii
1235 3072 1410 3127 Attici
1450 3062 1744 3126 consilium
1769 3075 2102 3142 approbare,
2127 3073 2225 3142 qui

392 3159 560 3212 bellis
592 3160 870 3225 civilibus,
899 3176 1028 3228 quae
1071 3160 1129 3211 in
1167 3158 1290 3227 ejus
1334 3164 1552 3212 aetatem
1596 3158 1919 3224 inciderunt,
1962 3160 2233 3212 interesse-

394 3244 649 3309 noluerit,
675 3248 778 3299 διο.
852 3244 932 3298 At
970 3244 1107 3297 illud
1146 3239 1283 3297 sane
1313 3245 1682 3314 'perspicuum
1724 3248 1828 3308 est,
1852 3243 2002 3313 quod
2042 3244 2126 3295 sic
2151 3243 2235 3295 exv

394 3328 663 3396 Agesilao
687 3331 1000 3399 excipitur:
1037 3333 1054 3357 ‘
1083 3329 1152 3382 In
1193 3330 1300 3383 hoc
1339 3345 1451 3381 non
1489 3330 1668 3381 minus
1691 3330 1811 3399 ejus
1835 3329 2017 3398 pietas
2039 3330 2233 3397 suspia

396 3410 594 3468 cienda
633 3420 736 3481 est,
759 3431 923 3486 quam
962 3416 1135 3469 virtus
1177 3414 1378 3468 bellica
1396 3430 1422 3467 :-
1452 3414 1548 3482 qui
1575 3431 1701 3467 cum
1729 3414 1925 3468 victori
1951 3419 2223 3482 praeesset
