2346 3886
343 225 451 280 186
959 239 1259 280 connubii
1299 239 1565 280 Nuro'ms

345 361 515 413 vetuit
555 359 767 423 cedere,
791 358 1115 427 obnixoque
1142 373 1280 425 genu
1303 362 1506 422 scuto,⁰
1535 357 1968 428 projecta[que]4
1989 358 2171 412 hasta‘·

344 445 607 512 impetum
648 443 907 514 excipere
947 442 1191 496 hostium
1231 442 1444 497 docuit.
1517 443 1589 496 Id
1631 460 1836 497 novum
1871 442 2170 512 Agesilaus

347 533 653 592 contuenS‚⁵
686 528 943 598 progredi
964 544 1073 580 non
1097 534 1188 581 est
1225 544 1416 594 ausus,
1442 545 1683 599 suosque
1699 530 1819 599 jam
1841 529 2173 582 incurrentes

345 614 484 666 tuba
506 614 822 666 revocavit!
895 612 1028 666 Hoc
1051 629 1226 682 usque
1250 630 1317 667 eo
1341 619 1461 668 tota
1487 613 1734 668 Graecia⁶
1753 614 1905 667 fama
1928 613 2175 666 celebra-

346 701 465 750 tum
490 703 592 762 est,
630 704 695 751 ut
735 698 831 751 illo
869 702 1022 751 statu
1055 697 1325 753 Chabrias
1351 700 1483 752 sibi⁷
1519 703 1755 752 statuam
1778 698 1898 752 fieri
1921 697 2174 761 voluerit,

348 799 476 851 quae
500 783 720 852 publice
740 782 793 836 ei
817 784 889 836 ab
919 781 1338 838 Atheniensibus
1357 785 1418 838 in
1439 784 1561 838 foro
1585 784 1882 839 constituta
1907 787 2012 836 est.
2085 781 2177 835 Ex

350 883 463 935 quo
489 867 693 921 factum
717 871 820 931 est,
861 871 926 921 ut
949 871 1152 937 postea
1174 867 1415 922 athletae⁸
1430 867 1453 899 ‘¹
1494 868 1768 938 ceterique
1808 867 2069 920 artifices⁸
2090 865 2176 919 his

348 953 605 1006 statibus⁹
638 952 695 1005 in
735 951 937 1006 statuis
970 951 1245 1022 ponendis
1281 956 1580 1018 uterentur,
1621 953 1679 1006 in
1713 952 1960 1023 quibus¹⁰
2000 949 2178 1015 victo-

347 1037 486 1091 riam
516 1042 702 1092 essent.
723 1037 955 1107 adepti!

419 1121 474 1175 2.
511 1121 782 1176 Chabrias
805 1126 991 1176 autem
1015 1122 1190 1177 multa
1226 1123 1287 1176 in
1330 1121 1558 1192 Europa
1587 1122 1738 1176 bella
1761 1120 2179 1183 administravit,

352 1223 478 1261 cum
502 1206 622 1261 dux
646 1206 1071 1263 Atheniensium
1093 1212 1242 1263 esset
1254 1213 1288 1263 :¹
1333 1207 1391 1261 in
1418 1208 1664 1278 AEgypto
1688 1222 1794 1260 sua
1819 1201 2039 1276 spontef
2057 1221 2180 1274 ges-

403 1363 424 1383 ⁰
454 1357 667 1410 Clypeoque
683 1357 736 1397 ad
749 1368 858 1408 genu
873 1355 1054 1398 firmiter
1069 1356 1280 1408 acclinata,
1292 1361 1547 1411 porrectaque
1563 1357 1692 1399 hana.
1732 1402 1734 1404 .
1758 1355 1778 1408 ὃ,
1802 1357 1993 1410 Recenti
2007 1356 2164 1407 cecinit.

403 1416 421 1436 ⁶
449 1404 512 1450 Εο
527 1410 571 1451 i'n
589 1410 783 1463 corporis
799 1408 939 1451 habitu
953 1414 1106 1452 statuas
1115 1415 1321 1464 ponerent,
1335 1412 1468 1466 inquo
1484 1405 1691 1453 victorium
1706 1409 1978 1454 obtinuissent.

1047 1527 1053 1530 -
1123 1516 1196 1533 ΟΝ
1199 1516 1419 1534 “omoeo-

353 1587 474 1639 Mag.
494 1586 650 1628 Patav.
686 1586 797 1627 Dein
821 1586 1043 1639 phalangen
1069 1586 1157 1627 ΜΒ.
1186 1588 1314 1628 Voss.
1341 1590 1466 1629 2.-4
1498 1582 1681 1637 Projecta
1709 1585 1825 1626 hasta
1849 1586 1936 1627 Ms.
1967 1585 2079 1627 Dan.
2098 1584 2184 1629 Ax.

353 1640 504 1681 Boecl.
521 1641 645 1681 Leid.
665 1645 706 1682 2.
722 1641 851 1681 Voss.
871 1645 910 1682 1.
926 1644 967 1681 2.
985 1639 1086 1693 [Ed.
1102 1641 1336 1682 Tzschuck.
1349 1644 1391 1681 2.
1421 1640 1575 1681 Heinr.
1592 1638 1730 1681 Paufl.
1742 1638 1975 1691 Schmied]
1997 1639 2187 1692 projecta-

353 1707 428 1746 que
445 1694 561 1735 hasta
579 1694 661 1736 Ed.
691 1695 814 1737 Jens.
833 1694 954 1735 Med.
978 1694 1084 1747 Arg.
1111 1694 1213 1734 Par.
1241 1693 1346 1735 ΑΜ.
1375 1694 1511 1746 Long-
1536 1693 1657 1746 Mag.
1682 1693 1835 1742 Lamb.
1867 1693 2019 1747 Steph.
2042 1693 2184 1736 Gebh.

355 1748 507 1789 Boecl.
535 1749 705 1790 Keuch.
734 1749 838 1789 Bos.
861 1752 901 1789 1.
931 1747 1044 1800 [Ith.
1065 1747 1201 1788 Wetz.
1234 1760 1306 1800 que
1330 1747 1494 1787 uncinis
1520 1746 1675 1787 incius.
1702 1747 1747 1786 in
1764 1746 1845 1789 Ed.
1875 1747 1977 1788 Bos.
1994 1749 2037 1788 2.
2063 1747 2184 1789 Stav.

355 1803 490 1843 Heus.
510 1807 556 1842 et
587 1801 782 1854 rell.]—5
811 1802 884 1842 Sic
903 1802 988 1842 Ms.
1016 1801 1128 1842 Dan.
1156 1801 1307 1842 Boech
1336 1801 1460 1842 Leid.
1488 1804 1525 1841 1.
1565 1800 1668 1854 [Ed.
1686 1800 1791 1841 Bos.
1809 1804 1849 1841 2.
1889 1806 1936 1842 et
1955 1812 2076 1854 seqq.
2093 1799 2187 1842 fere

355 1854 537 1907 omnes]
573 1856 661 1896 Sed
678 1857 723 1896 in
736 1856 822 1896 Ms.
839 1855 990 1896 Boeel.
1006 1859 1123 1895 totus
1141 1855 1262 1895 locus
1282 1855 1345 1895 sic
1372 1854 1554 1908 legitur:
1582 1854 1627 1894 id
1642 1866 1782 1896 novum
1800 1866 1971 1908 cernens,
1980 1853 2192 1907 Agesilaus

354 1914 539 1950 contuens
549 1909 594 1950 id
603 1920 742 1962 progr.
759 1908 905 1949 Etiam
922 1909 966 1949 in
981 1909 1069 1949 Ms.
1081 1907 1207 1949 Voss.
1223 1911 1266 1949 2.
1294 1908 1979 1959 oratiamwmoemeneAgesilaus
1990 1911 2191 1951 omnm.

354 1963 441 2015 Sed
460 1964 615 2004 intuens
637 1962 719 2004 Ed.
736 1963 859 2005 Jens.
886 1961 1009 2005 Med.
1039 1960 1101 2012 Ar
1133 1991 1143 2001 .
1163 1961 1268 2004 Pan
1286 1961 1387 2003 Ald.
1405 1963 1544 2014 Long-
1561 1962 1682 2014 Mag.
1710 1962 1862 2004 Lamb.
1878 1962 1956 2004 Ste
2045 1961 2190 2004 Gebb-

356 2017 506 2058 Boecl.
519 2017 688 2057 Kench.
702 2016 804 2058 Bos.
821 2020 861 2057 1.
878 2013 1064 2066 Patav.[
1122 2020 1204 2057 etz.
1217 2018 1264 2056 et
1279 2016 1339 2056 sic
1351 2021 1592 2057 correctum
1612 2021 1678 2056 est
1696 2028 1723 2056 a
1739 2027 1868 2057 manu
1886 2011 1940 2065 V.
2003 2045 2014 2056 .
2033 2015 2080 2061 in
2092 2028 2190 2058 meo

358 2072 558 2122 exemplo
575 2070 647 2111 ed.
660 2070 765 2112 Bos.
785 2069 931 2122 2.]-6
943 2070 1016 2112 Sic
1033 2070 1120 2111 Ms.
1137 2070 1252 2111 Dan.
1269 2070 1354 2111 Ax.
1369 2071 1498 2111 Voss.
1517 2073 1556 2112 1.
1573 2073 1615 2111 2.
1633 2069 1758 2111 Leid.
1770 2073 1812 2111 2.
1850 2069 1951 2123 [Ed.
1969 2069 2076 2110 Bos.
2091 2074 2190 2111 eun

358 2123 506 2178 seqq]
550 2124 638 2165 Sed
668 2124 711 2164 in
731 2123 893 2164 Groecia
909 2122 993 2164 Ed.
1018 2123 1168 2166 Lamb.
1197 2124 1348 2178 Steph.
1374 2123 1517 2166 Gebh.
1543 2123 1711 2167 Keucb.
1733 2124 1888 2166 Patav.
1918 2122 2082 2176 Grecis
2108 2123 2192 2168 Ed.

356 2179 479 2221 sens.
495 2178 617 2219 Med.
634 2175 740 2229 Arg.
756 2178 858 2219 Par.
874 2176 975 2219 Ald.
995 2177 1135 2229 Long.
1154 2176 1356 2231 Mage-¹1
1374 2177 1454 2219 sibi
1470 2177 1626 2219 aberat
1645 2187 1670 2218 a
1690 2173 1775 2218 Ms.
1794 2175 1917 2219 Leid.
1933 2178 1975 2218 2.
2003 2168 2130 2218 Voss.
2147 2180 2189 2218 1.

357 2236 441 2272 -8
475 2232 674 2274 Atheletoe
706 2231 788 2273 Ed.
824 2231 1032 2273 Mede-9
1058 2231 1142 2273 His
1169 2230 1370 2274 stantibus
1395 2231 1542 2273 udicis
1568 2232 1654 2273 Ms.
1678 2230 1774 2273 Gis.
1801 2230 1888 2274 Ax.
1914 2229 2115 2273 Mendes.
2130 2231 2193 2273 his

358 2286 540 2334 statibus,
558 2285 703 2326 statutis
719 2282 802 2327 Ed.
820 2285 943 2329 Jens.
967 2283 1088 2327 Med.
1106 2284 1212 2339 Arg.
1232 2286 1336 2327 Par.
1355 2284 1456 2328 Ald.
1474 2286 1564 2327 Lon
1598 2315 1609 2327 .
1625 2285 1748 2338 Mag.
1764 2284 1906 2326 iisdem
1921 2283 2091 2326 statibus
2107 2284 2196 2326 Ms-

361 2341 508 2381 Emst.
528 2339 592 2380 his
615 2338 814 2381 stantibus
829 2340 916 2380 Ms.
935 2339 1061 2382 Voss.
1088 2341 1126 2381 1.
1143 2342 1185 2381 2.
1214 2337 1340 2382 Leid.
1354 2342 1395 2381 2.
1422 2339 1536 2382 Dan.
1607 2350 1636 2380 n
1662 2338 1749 2380 Ms.
1776 2339 1885 2380 Bav.
1903 2339 2044 2380 altero
2059 2337 2193 2380 verba

360 2394 529 2435 statibus
554 2394 598 2433 in
625 2405 712 2435 non
741 2393 1136 2435 habebantur.——10
1163 2393 1234 2435 Sic
1259 2393 1346 2435 Ms.
1363 2395 1510 2435 Ernst.
1531 2392 1683 2434 Lamb.
1702 2393 1842 2435 Gebh.
1862 2393 1986 2445 [Bos.
2003 2395 2045 2434 2.
2069 2392 2191 2433 Stav.

363 2450 403 2488 1.
421 2451 462 2488 2.
478 2451 520 2488 3.
550 2448 686 2488 Heus.
704 2452 751 2488 et
768 2447 884 2501 mlh]
909 2446 996 2488 Sed
1013 2460 1102 2488 cum
1121 2445 1207 2489 Ms.
1223 2445 1317 2489 Gis.
1336 2446 1534 2489 Mendos.
1548 2446 1671 2488 Leid.
1685 2450 1728 2488 2.
1754 2448 1882 2487 Voss.
1900 2450 1942 2489 2.
1970 2445 2056 2487 Ed.
2073 2446 2194 2489 Jens.

362 2500 486 2542 Med.
514 2500 621 2554 Arg.
650 2502 752 2542 Par.
781 2500 884 2543 Ald.
903 2501 1042 2553 Long.
1071 2501 1191 2553 Mag.
1215 2501 1368 2555 Steph.
1397 2500 1751 2543 Boecl.-Keuch.
1778 2500 1881 2543 Bos.
1900 2504 1940 2542 1.
1965 2511 2085 2554 quum
2105 2499 2195 2541 Me.

361 2550 491 2596 Voss.
517 2554 578 2596 Fa
585 2555 660 2596 ber
677 2554 719 2595 in
735 2553 938 2608 Agonist.
957 2565 1000 2609 p.
1016 2557 1109 2597 147.
1135 2555 1289 2597 maluit
1305 2554 1458 2608 quibus,
1473 2551 1546 2596 vel
1562 2553 1608 2606 ξπ
1624 2550 1775 2607 quibus.

419 2610 442 2650 1
476 2609 573 2651 Dux
595 2613 697 2651 esset
713 2608 860 2651 Athen.
881 2609 967 2650 Ms.
993 2607 1159 2651 Axe—2
1192 2607 1266 2652 Sic
1292 2609 1380 2652 Ms.
1400 2610 1517 2652 Dan.
1530 2606 1653 2663 Mag.
1671 2605 1874 2650 Mendes.
1893 2606 2043 2651 Boecl.
2071 2603 2194 2650 Leid.

1193 2728 1373 2773 NOTAE

421 2830 439 2852 ⁶
466 2822 703 2877 obnixoque
716 2835 822 2876 genu
833 2823 960 2877 scuto]
990 2824 1063 2866 De
1077 2821 1158 2866 boe
1174 2822 1249 2866 ha·
1367 2828 1387 2852 ‘
1416 2822 1625 2877 Ceteriqu
1655 2817 1852 2877 artifices]
1907 2821 2068 2865 Quales
2096 2826 2198 2864 sunt

367 2887 462 2930 bitu
488 2887 542 2928 ad
574 2887 859 2940 praeliandum
888 2887 1130 2941 composito
1148 2886 1248 2929 vide
1313 2887 1504 2939 scenici,
1539 2886 1713 2939 Musici,
1743 2885 2021 2938 Pantomimi,
2048 2892 2096 2928 et
2125 2886 2199 2928 alii
2285 2892 2290 2897 ⁴

367 2950 686 3002 Marcellinum,
713 2955 759 2991 et
776 2950 834 2991 D.
850 2949 1152 3002 Ambrosium;
1179 2951 1250 2992 cui
1314 2949 1539 3005 ejusmodi·

368 3013 552 3058 Romani
571 3011 830 3054 testudinem
855 3011 1188 3055 substituerunt.
1371 3011 1387 3041 ¹
1410 3013 1545 3056 Multa
1568 3012 1614 3054 in
1629 3012 1809 3065 Egypt«)
1822 3023 1894 3053 m
1905 3015 2044 3065 sponte
2056 3010 2201 3064 gessit]

423 3078 445 3106 ἅ
478 3078 535 3121 Ut
556 3081 692 3132 postea
713 3075 894 3129 athletoe]
919 3076 961 3119 Ii
976 3076 1250 3130 dicebantur,
1317 3074 1373 3117 Id
1392 3080 1478 3129 est,
1490 3074 1585 3117 sine
1609 3073 1785 3128 publica
1802 3073 2077 3116 auctoritate.
2113 3073 2200 3116 Tu·

371 3143 446 3200 qui
464 3140 789 3193 certaminibus,
807 3152 905 3195 quae
919 3151 945 3183 a
962 3140 1133 3184 Graecis
1148 3140 1253 3194 ἂγῶ·
1317 3139 1373 3182 lit
1386 3144 1532 3183 autem
1551 3137 1756 3182 auxilium
1777 3137 2005 3191 AEgyptiis,
2019 3148 2200 3191 quorum

370 3221 434 3250 νες
448 3203 711 3248 einamma)
725 3210 947 3257 vocantur,
963 3203 1166 3253 vicissent
1181 3219 1194 3257 ;
1222 3206 1254 3248 ii
1321 3207 1426 3246 tunc
1446 3203 1546 3244 Rex
1565 3207 1660 3243 erat
1677 3201 1876 3252 Tachus;
1902 3200 1986 3253 vel,
2002 3205 2053 3242 ut
2069 3199 2200 3253 Poly-

374 3277 423 3314 et
461 3269 678 3323 Gymnici,
712 3267 816 3322 quia
857 3267 963 3309 nudi
1003 3269 1256 3322 pugnabant
1322 3279 1417 3310 ωηο
1436 3267 1601 3321 placet,
1615 3262 2070 3318 Thamuqcujusfilius
2082 3262 2201 3306 Nee-

373 3334 563 3388 quinque
593 3331 876 3374 certaminum
894 3331 1142 3385 generibus,
1167 3333 1256 3375 lue·
1325 3329 1522 3384 tanebus,
1563 3329 1666 3374 alias
1709 3326 1992 3371 Nectenebin
2008 3339 2028 3378 ,ς
2071 3338 2202 3379 quem

375 3397 557 3450 tatione,
588 3395 804 3451 pugilatu,
834 3406 979 3449 eursu,
1001 3395 1129 3450 saltu,
1152 3407 1256 3451 pan·
1323 3406 1408 3436 non
1426 3392 1575 3447 filium,
1592 3391 1669 3435 sed
1689 3390 1846 3434 sororis
1863 3390 1958 3443 qius
1974 3387 2111 3435 filium
2128 3401 2202 3435 vo·
2251 3438 2260 3447 ,

378 3460 528 3504 cratio.
1325 3463 1398 3500 cat
1415 3457 1675 3500 Plutarchus
1693 3455 1738 3499 in
1753 3454 1968 3511 Agesilao.
