2346 3886
918 274 1267 320 unffi-mmm.
1310 300 1313 304 -
1375 275 1394 280 ··
1935 257 2013 316 66

181 397 473 468 pimenio}
512 397 724 466 quippe
748 411 878 464 cum
915 395 1069 448 cives
1107 394 1275 463 ejus¹⁵
1302 393 1499 446 eodem
1537 396 1816 446 uterentur
1855 395 2014 449 insti·-

177 471 328 538 ento:
367 489 428 536 at
449 483 509 536 id
533 479 804 551 quidem¹⁶
827 481 1036 532 nostris
1057 480 1306 531 moribus
1328 479 1485 531 nefas
1509 478 1757 532 habetur.
1831 479 2015 534 Laudi

177 566 239 621 in
262 567 495 623 Graecia
529 567 750 620 ducitur
781 563 1296 627 adolescentuliS,⁶¹⁷
1323 579 1488 632 quam
1511 563 1783 632 plurimos
1807 562 2014 619 habere

177 658 474 706 anmtoreS.
543 650 608 703 -N
613 651 726 702 ulla
772 646 1218 700 Lacedaemoni¹⁸
1260 654 1376 701 tam
1423 651 1511 700 est
1546 649 1751 701 nobilis
1797 649 2014 714 vidua,‘¹

178 753 317 807 quae.
335 753 450 790 non
476 735 550 788 ad
576 741 853 788 scenam¹⁹
895 740 988 786 eat
1022 733 1280 789 mercede
1312 733 1629 787 conducta!
1705 733 1930 801 Magnis
1955 735 2014 787 in

232 896 252 930 ⁴³
277 902 391 944 Inter
413 903 575 942 Graecos
593 901 700 942 laudi
714 901 850 954 pueris
871 901 1052 942 vertitur.

230 950 264 983 ‘¹‘
279 957 382 1015 Qeoeg
399 970 474 1019 non
488 968 695 1018 personam
710 956 1018 1019 scenicam'agat
1037 955 1146 1019 lucro
1161 950 1306 995 illecta.

1142 1062 1239 1077 ‘On

178 1147 286 1203 Arg.
304 1147 448 1190 Paris.
467 1148 614 1189 Lamb.
632 1146 784 1201 Steph.
801 1147 941 1189 Gebh.
958 1148 1110 1190 Boecl.
1137 1147 1307 1188 Keuch.
1326 1150 1450 1187 certo
1468 1143 1695 1186 rotundius
1711 1158 1724 1195 ς
1751 1144 1858 1187 item
1877 1146 2015 1189 Wetz.

177 1209 224 1243 et
242 1215 324 1255 ego
342 1202 537 1255 reposui:
567 1202 651 1252 ejus
668 1202 770 1242 cives
787 1201 900 1243 Edd.
920 1201 1020 1242 Ald.
1049 1208 1094 1243 et
1127 1201 1240 1242 aliae.
1277 1201 1385 1241 Mox
1403 1204 1565 1240 utentur
1595 1199 1665 1240 ed.
1694 1200 1829 1252 Long.
1864 1212 2016 1252 opera-

174 1262 271 1297 'rum
293 1259 595 1308 peccato.-16
625 1257 675 1296 Id
689 1258 790 1308 quod
815 1257 900 1296 Ms-
921 1255 1044 1296 Leid.
1062 1259 1102 1298 2.
1122 1268 1208 1296 non
1236 1255 1464 1296 invenusta
1494 1253 1625 1294 lectio
1651 1253 1825 1293 videtur
1843 1254 2013 1295 Staver.

179 1310 235 1350 ad
254 1309 323 1358 ed.
341 1310 441 1362 maj.
497 1310 558 1350 At
576 1310 689 1349 enim
718 1310 759 1350 h.
779 1310 808 1350 l.
837 1322 1068 1350 concursus
1100 1311 1230 1351 trium
1247 1321 1366 1350 voce.
1398 1309 1522 1348 unius
1541 1307 1732 1363 syllabae,
1753 1320 1848 1361 quae
1866 1308 1910 1348 in
1928 1307 2015 1349 fine

180 1363 442 1415 singulorum
462 1363 644 1404 eundem
662 1361 755 1403 fere
774 1363 935 1403 habent
954 1375 1119 1414 sonum,
1137 1364 1250 1403 male
1270 1362 1490 1403 accideret
1507 1362 1562 1401 ad
1588 1373 1726 1402 aures.
1783 1361 1950 1407 Quidem
1968 1363 2014 1403 h.

179 1417 209 1457 l.
225 1415 440 1468 significat
458 1422 594 1467 certe,
609 1417 903 1457 omnium—17
931 1417 1245 1457 Adulescentulus
1258 1417 1348 1457 Ms.
1364 1416 1487 1456 Leid.
1503 1419 1541 1456 2.
1562 1415 1638 1455 sed
1655 1415 1709 1455 ab
1727 1415 1854 1455 Msst.
1871 1417 2015 1457 Oxon.

179 1471 351 1511 omnino
374 1470 535 1510 aberat.
576 1471 691 1510 Dein
722 1469 898 1510 habuisse
915 1474 1109 1510 amatores
1128 1471 1213 1510 Ms.
1231 1471 1458 1511 Dan—18
1485 1469 1772 1509 Lacedoemonii
1805 1469 1885 1509 Ed.
1914 1468 2016 1510 Ald.

176 1525 465 1571 Lacedaemonis
483 1523 563 1565 Ed.
591 1525 712 1575 Mag.
743 1524 863 1574 ⁴Dein
883 1523 1042 1573 semina
1059 1525 1139 1564 vid.
1166 1524 1255 1564 nob.
1276 1524 1361 1564 ΜΒ.
1382 1524 1646 1563 Bavar.-—l9
1666 1524 1734 1563 Ad
1747 1534 1914 1563 scoenam
1933 1523 2016 1564 Ed.

176 1577 297 1620 Jens.
319 1577 437 1619 Med.
457 1577 562 1628 Arg.
582 1578 684 1618 Par.
705 1576 805 1617 Ald.
824 1578 996 1630 ubique.
1051 1577 1136 1617 Sed
1157 1578 1267 1617 baud
1288 1577 1661 1628 dubie.legendum
1679 1581 1748 1620 est
1775 1578 1827 1616 ad
1852 1590 2016 1626 coenam,

177 1643 276 1673 cum
294 1630 487 1672 Gesnero
503 1639 548 1670 et
566 1631 777 1682 Heusing.
795 1631 909 1683 quod
927 1631 1019 1683 jam
1035 1631 1182 1682 Magio
1202 1633 1244 1670 in
1265 1637 1453 1670 mentem
1472 1639 1664 1670 venerat.
1719 1631 1731 1652 ‘
1755 1629 1824 1670 Ad
1845 1630 2012 1672 coenarn

175 1684 254 1726 irc'
281 1683 445 1725 Seneca
463 1683 629 1724 Beneff.
647 1696 707 1724 ιν.
725 1687 790 1724 39.
822 1686 834 1707 ‘
856 1685 900 1724 in
930 1696 1102 1724 scenam
1132 1684 1339 1736 prodire,'
1360 1686 1402 1723 li.
1423 1696 1460 1723 e.
1483 1684 1670 1736 aliquam
1690 1684 1750 1723 ibi
1786 1696 2014 1735 personam

174 1750 317 1791 agere,
337 1739 509 1789 saltare,
525 1738 792 1790 gesticulari,
807 1738 899 1778 Cic.
918 1737 973 1778 de
988 1736 1074 1778 Off.
1094 1749 1126 1777 1.
1144 1741 1210 1779 35.
1234 1741 1299 1778 ll.
1354 1737 1586 1789 Boettiger
1605 1738 1649 1776 in
1669 1742 1854 1789 quatuor
1873 1745 2017 1780 aetatt.

176 1792 240 1842 rei
255 1793 435 1833 scenicae
451 1792 565 1844 apud
586 1798 752 1832 veteres
769 1797 906 1843 putat,
923 1791 1056 1832 verba
1069 1794 1122 1831 ad
1134 1803 1288 1831 scenam
1303 1792 1520 1842 pertinere
1535 1791 1590 1831 ad
1609 1791 1728 1831 chori
1745 1792 2017 1836 saltationes.

175 1846 247 1889 Jo.
265 1845 400 1886 Mich.
424 1846 630 1897 Heusing.
645 1845 688 1885 in
707 1846 910 1898 Spicileg.
925 1845 1162 1886 emendatt.
1181 1846 1232 1886 ad
1253 1846 1384 1886 Corn.
1405 1845 1518 1896 Nep.
1540 1845 1771 1896 respuebat
1787 1847 1839 1885 ad
1857 1857 2019 1897 coenam,

177 1906 221 1941 et
239 1899 428 1940 malebat
446 1901 497 1940 ad
523 1901 651 1940 lenam
666 1913 682 1946 ;
709 1900 857 1953 (quam
891 1899 1199 1952 conjecturam,
1231 1911 1329 1940 eum
1362 1899 1550 1938 moribus
1584 1899 2015 1941 Lacedaemoniorum

175 1953 339 2006 optime
359 1959 682 2006 congruentem,
703 1954 862 2006 probat
880 1954 1089 1993 Heinrich
1105 1952 1141 2006 z)
1172 1953 1216 1993 in
1240 1953 1354 1993 notis
1386 1958 1531 1992 tamen
1552 1952 1606 1992 ad
1635 1952 1871 1993 editionem
1892 1961 2012 2007 suani

176 2006 361 2060 probare
382 2007 552 2048 videtur
570 2009 620 2047 ad
639 2019 799 2057 cernam,
817 2019 942 2060 quam
963 2007 1307 2048 emendationem
1328 2007 1456 2047 unice
1474 2019 1621 2046 veram
1639 2019 1749 2058 esse,
1769 2005 1953 2049 affirmat
1969 2011 2016 2048 et

174 2066 299 2109 ornat
323 2061 420 2104 Jac.
452 2061 523 2102 Fr.
552 2060 765 2113 Heusing.
797 2062 840 2101 in
873 2060 1070 2113 fragmm.
1091 2062 1221 2101 Corn.
1246 2061 1360 2112 Nep.
1381 2061 1566 2112 adjectis
1587 2061 1654 2100 Fi.
1674 2062 1812 2101 Mallii
1828 2062 1937 2102 libro
1957 2061 2013 2103 de

174 2116 323 2161 mettis
342 2127 386 2167 p.
407 2119 502 2155 120.
520 2127 615 2167 sqq.
643 2115 860 2168 praecipue
880 2127 977 2155 cum
998 2115 1041 2154 in
1070 2115 1168 2154 cod.
1186 2114 1331 2155 Guelf.
1364 2115 1536 2167 legatur
1564 2114 1734 2167 quidem
1752 2127 1920 2166 scenam,
1936 2115 2015 2156 sed

176 2168 231 2210 ab
249 2168 526 2210 emendatore
543 2175 630 2209 tres
653 2170 814 2220 priores
833 2169 1032 2209 vocabuli
1062 2168 1177 2209 illius
1197 2167 1334 2208 literae
1355 2169 1527 2220 punctis
1547 2167 1663 2208 infra
1682 2170 1890 2220 appositis
1909 2169 2012 2210 fuis·

175 2229 276 2274 sent
301 2229 481 2273 notatae,
512 2229 559 2263 et
585 2235 772 2274 superne
802 2224 1035 2274 ascriptum
1074 2222 1100 2262 l'
1115 2234 1171 2273 ce,
1203 2223 1285 2262 hoc
1318 2227 1385 2263 est
1413 2224 1473 2262 vel
1503 2234 1654 2271 cenam,
1683 2223 1746 2262 uti
1765 2223 1807 2262 in
1826 2222 2015 2276 antiquie

173 2275 294 2317 libris
322 2276 455 2316 scribi
484 2277 662 2317 solebat.
716 2277 878 2317 Doceri
904 2277 1036 2328 igitur
1065 2277 1131 2315 his
1159 2275 1402 2327 manifeste,
1434 2276 1675 2327 contendit,
1707 2276 1750 2315 in
1780 2277 1872 2317 aliis
1893 2277 2014 2318 libris

174 2327 308 2369 fuisse
327 2331 379 2370 ad
391 2343 559 2378 coenam‚·
587 2331 877 2371 meretricium
898 2342 998 2371 vero
1015 2328 1149 2370 fuisse
1168 2331 1219 2369 ad
1242 2341 1389 2370 coenam
1406 2331 1580 2369 mercede
1596 2330 1772 2370 conduci.
1814 2331 2015 2383 Kappius

174 2381 219 2422 in
250 2383 438 2423 Harlesii
466 2382 698 2435 Opuscnlis
717 2396 760 2436 p.
780 2387 873 2424 458.
892 2397 955 2437 sq.
983 2396 1122 2437 neque
1156 2385 1209 2424 ad
1233 2389 1378 2425 cernam
1407 2383 1611 2434 admittit,
1637 2395 1775 2436 neque
1795 2387 1847 2424 ad
1873 2385 2015 2436 lenam,

174 2442 222 2476 et
250 2437 388 2488 majus
407 2438 528 2476 ulcus
550 2437 686 2476 adhuc
701 2437 885 2488 haerere,
906 2438 999 2477 'ure
1030 2437 1256 2490 opinatur;
1297 2449 1348 2477 ac
1378 2438 1575 2489 Sclilegel
1602 2450 1644 2489 p.
1663 2441 1731 2478 77.
1742 2437 1934 2490 judicat,
1950 2439 2014 2479 lo-

175 2501 271 2530 cum
287 2491 397 2530 adeo
423 2496 685 2542 corruptum,
704 2491 857 2530 AEmilii
905 2496 1070 2531 ortasse
1090 2491 1225 2531 Probi
1244 2491 1387 2542 culpa,
1407 2500 1456 2531 ut
1474 2491 1758 2542 probabiliter
1776 2503 1856 2532 nec
1877 2492 2014 2545 expli·

174 2544 264 2584 cari
281 2556 362 2584 nec
380 2544 600 2584 emendari
620 2545 768 2596 possit.
824 2544 1047 2584 Har-lesina
1075 2544 1167 2596 ipse
1199 2545 1241 2583 in
1269 2551 1361 2584 not.
1383 2551 1607 2597 postquam
1641 2545 1808 2597 longam
1841 2546 2014 2587 Staver.

175 2603 329 2638 contra
357 2598 565 2649 Heusing.
602 2598 833 2650 pugnantis
869 2597 1225 2638 animadversioni.
1254 2597 1297 2637 in
1331 2610 1429 2638 nov.
1461 2598 1574 2638 obss.
1604 2598 1720 2638 misc.
1752 2605 1855 2639 tom.
1886 2611 1950 2640 vl.
1970 2612 2013 2652 p.

174 2654 269 2692 ⁵16.
290 2664 380 2706 sqq.
410 2657 678 2692 contractam
709 2652 902 2703 repetiit,
923 2651 1107 2702 conjecit
1126 2662 1212 2703 quoe
1238 2663 1316 2691 non
1339 2653 1443 2691 nuda
1470 2656 1534 2691 eat
1560 2654 1611 2691 ad
1638 2664 1804 2702 scenam,
1823 2653 1864 2692 h.
1885 2664 1923 2694 e.
1940 2665 2014 2706 pa·

173 2704 380 2754 lustram,
399 2718 492 2758 quae
514 2706 697 2757 suspicio
726 2717 827 2744 num
846 2706 953 2745 adeo
981 2706 1133 2756 inepta
1160 2705 1233 2754 sit,
1260 2710 1309 2744 ut
1327 2705 1521 2756 graviter
1541 2706 1795 2757 pronuntiat
1824 2707 2013 2759 Wetzel,

176 2750 488 2810 subindicent.
518 2761 659 2800 Wetz.
691 2771 795 2799 vero
827 2760 1042 2811 vulgatam
1062 2757 1261 2798 defendit
1286 2758 1533 2807 lectionem,
1554 2767 1599 2799 et
1619 2760 1949 2811 interpretatur,
1968 2761 2014 2802 in

175 2822 344 2853 scenam
358 2812 557 2864 prodeat,
574 2813 665 2853 sive
681 2813 902 2853 histrionis
923 2825 1148 2865 personam
1170 2818 1285 2865 agat.
1342 2811 1469 2852 Hanc
1490 2814 1895 2866 interpretationem
1917 2815 2012 2867 jam

176 2864 247 2904 alii
267 2865 490 2917 dederant,
505 2867 732 2907 novissime
750 2867 895 2907 Bremi
914 2867 957 2906 in
979 2873 1068 2907 not.
1090 2866 1143 2906 ad
1165 2866 1205 2905 h.
1227 2867 1255 2906 1.
1282 2872 1327 2906 et
1360 2866 1557 2918 Biittiger
1589 2868 1630 2905 in
1652 2879 1762 2907 novo
1782 2867 2015 2909 Wielandii

178 2918 413 2973 Mercurio,
437 2932 493 2961 m.
524 2920 702 2962 Januar.
732 2927 846 2973 part.
876 2933 909 2962 1.
939 2924 1058 2961 1796.
1089 2933 1133 2973 p.
1165 2923 1232 2961 44.
1262 2919 1337 2960 sed
1369 2920 1441 2961 alii
1461 2927 1719 2974 respuerunt
1737 2921 1863 2963 istam
1882 2923 2016 2963 inter-

1003 3070 1180 3140 NOTAEJ:

229 3174 247 3203 ὓ
276 3176 400 3216 Nulla
433 3175 703 3218 Lacedoenwni
721 3181 803 3218 tam
830 3181 889 3217 est
918 3176 1060 3217 nobilis
1125 3176 1251 3228 vulgo
1272 3175 1455 3216 Mizitra.
1512 3176 1651 3216 Porro
1677 3174 1949 3234 i'lutarclrus,
1967 3175 2012 3217 in

174 3240 312 3292 vidua]
340 3240 757 3291 Lacedaemon,urbs
778 3242 910 3282 totius
932 3242 1056 3281 Pelo·
1123 3240 1340 3280 Laconum
1374 3239 1597 3290 institutis,
1631 3238 1767 3279 vetita
1798 3238 1913 3290 apud
1931 3239 2014 3295 La·

75 3324 83 3330 ·
167 3305 354 3358 ponnesi
382 3305 633 3356 clarissima,
667 3306 854 3358 Lycurgi
893 3305 1056 3357 legibus
1123 3302 1409 3343 cedaemonios
1429 3302 1595 3355 legibus
1627 3301 1816 3355 Lycurgi
1843 3302 2012 3357 scenica

176 3366 277 3407 olim
308 3365 625 3418 florentissima,
653 3368 838 3422 Menelai
863 3369 991 3422 Regis
1010 3374 1056 3407 et
1123 3368 1370 3419 spectacula
1387 3373 1596 3416 testatum
1620 3366 1732 3420 quod
1745 3378 1848 3407 saue
1860 3367 2010 3420 Nepa-,-

175 3420 356 3482 Helena
377 3412 531 3483 Regi‘a,
545 3442 630 3470 non
651 3432 798 3482 procul
820 3432 875 3472 ab
894 3433 1058 3472 Eurota
1123 3431 1178 3470 tis
1196 3431 1385 3484 opinioni
1406 3436 1644 3483 repugnat:
1673 3430 1751 3471 sed
1776 3429 1861 3483 ipsi
1888 3428 2011 3481 favet

175 3491 375 3543 flumine3
413 3494 499 3535 alio
529 3495 702 3535 nomine
734 3496 910 3549 Sparta,
942 3507 1056 3541 nunc
1123 3493 1359 3535 Athenaeus
1379 3493 1451 3535 lib.
1473 3504 1576 3534 xiu.
1854 3543 1859 3549 ,
1953 3547 1955 3549 ¹

283 3554 429 3614 mapa.
446 3566 487 3602 et
510 3562 605 3603 Var.
628 3563 735 3603 Clas.
1052 3562 1158 3614 Nep.
1835 3562 1872 3602 E
1932 3556 1935 3560 ’
