2346 3886
303 603 321 622 ’·
391 573 1115 696 'CORNELH
1218 617 1821 693 NEPOTIS

950 794 1282 858 LIBER

716 956 958 1051 DE
1081 948 1521 1050 VITA

204 1129 1115 1223 EXCELLENTIUM
1158 1096 2029 1211 IMPERATORUM

1017 1321 1226 1364 VULGO

638 1451 1094 1515 AEMILIO
1154 1448 1595 1516 'PROBO

906 1625 1356 1681 TRIBUTUS.¹

832 2035 1404 2095 ΡΒΖΕΡΑΤΙΟ.1

203 2175 374 2249 'NON
405 2195 598 2249 dubito
620 2195 750 2266 fore*
764 2195 1105 2264 plerosque,³
1133 2193 1366 2260 Attice,¹²
1389 2196 1488 2264 qui
1507 2195 1650 2250 hoe4
1670 2211 1841 2263 genus
1867 2195 2041 2263 scrip-

207 2284 365 2344 turae,
401 2280 546 2344 leve,
584 2287 639 2334 et
677 2297 793 2333 non
833 2281 971 2334 satis
1013 2281 1240 2349 dignum
1278 2297 1616 2334 summorum
1645 2281 1883 2334 virorum
1919 2294 2043 2349 per-

975 2415 1270 2431 mmm

265 2485 287 2521 1
321 2481 518 2533 Incipiunt
536 2483 709 2535 capitula
732 2483 776 2523 in
805 2481 947 2523 librum
967 2484 1124 2524 AEmilii
1142 2485 1267 2530 Probi
1291 2486 1340 2526 de
1356 2486 1630 2526 excellentibus
1644 2485 1805 2526 ducibus
1819 2487 2045 2531 exterarum

203 2535 396 2586 gentium.
452 2536 572 2576 Liber
592 2537 749 2577 AEmilii
764 2535 890 2576 Probi
917 2538 964 2576 de
981 2538 1160 2577 laudibus
1176 2543 1404 2578 exterarum
1426 2540 1616 2580 Gentium
1645 2540 1729 2579 Ms.
1750 2539 1865 2578 Dan.
1921 2536 2047 2577 Probi

211 2589 408 2641 Haemylii
425 2589 472 2628 de
493 2591 585 2630 vitis
601 2591 794 2630 clarorum
811 2591 1095 2641 Imperatorum
1113 2591 1212 2630 liber
1221 2591 1400 2641 feliciter
1416 2593 1559 2644 incipit
1580 2593 1664 2632 Ms.
1682 2592 1802 2633 Leid.
1821 2595 1861 2632 2.
1916 2589 2047 2630 AEmi-

208 2642 285 2683 lius
313 2642 467 2682 Probus
494 2645 542 2683 de
571 2643 848 2684 excellentibus
878 2648 1103 2683 exterarum
1131 2645 1334 2685 nationum
1361 2646 1461 2685 viris
1488 2647 1574 2687 Ms.
1602 2646 1723 2685 Trin.
1744 2650 1790 2685 et
1818 2642 2046 2684 Guelferb.

175 2696 398 2747 „AEmilius
416 2696 569 2738 Probus
582 2699 630 2737 de
648 2696 924 2737 excellentibus
941 2697 1102 2736 ducibus
1127 2702 1351 2738 exterarum
1375 2699 1555 2749 gentium
1578 2699 1756 2748 feliciter
1786 2698 1930 2749 incipit
1959 2697 2046 2736 Ms.

158 2753 161 2757 ‘
206 2743 332 2790 vois.
378 2749 534 2791 Probus
554 2750 723 2791 Emilius
740 2753 789 2791 de
806 2750 1085 2791 excellentibus
1098 2751 1260 2791 ducibus
1276 2757 1502 2792 exterarum
1518 2754 1697 2802 gentium
1705 2751 1886 2802 feliciter
1900 2750 2047 2801 incipit

207 2803 298 2846 Ms.
317 2803 440 2844 Voss.
459 2807 500 2844 2.
519 2805 668 2852 Boecl.
723 2804 892 2856 AEmylii
921 2803 1044 2844 Probi
1072 2807 1118 2844 de
1149 2805 1447 2857 imperatoribus
1478 2811 1703 2856 exterarum
1725 2805 1907 2857 gentium
1924 2804 2047 2852 Liber

211 2855 298 2897 Ms.
317 2855 501 2905 Arlenii,
521 2863 634 2898 teste
660 2858 806 2911 Magio
826 2858 868 2897 in
891 2857 1074 2899 Miscell.
1096 2857 1168 2898 lib.
1193 2870 1256 2899 lv,
1280 2864 1340 2899 15.
1357 2860 1400 2898 in
1425 2860 1602 2900 Gruteri
1620 2860 1727 2900 thes.
1747 2858 1914 2909 critico,
1940 2863 2044 2899 tom.

213 2920 265 2950 11.
297 2922 342 2961 p.
375 2913 496 2950 1432.
554 2910 726 2951 Emilius
758 2911 915 2951 Probus
942 2913 990 2950 de
1021 2912 1295 2952 excellentibus
1320 2912 1478 2952 ducibus
1509 2906 1935 2963 exterarum‘gentium
1960 2911 2049 2951 Ms.
2094 2933 2102 2940 r

211 2963 362 3003 Thott.
382 2975 451 3014 ap.
469 2964 681 3016 Schlegel.
702 2978 745 3015 p.
765 2968 803 3004 7.
858 2965 1016 3004 AEmilii
1045 2965 1164 3004 Probi
1200 2966 1289 3005 Viri
1318 2967 1527 3006 clarissimi
1554 2968 1602 3006 de
1632 2967 1725 3007 Vita
1759 2964 2048 3005 Excellentium

212 3015 312 3056 liber
327 3016 468 3068 incipit
477 3016 658 3065 feliciter
686 3018 768 3058 Ed.
798 3017 919 3059 Jens.
942 3018 1061 3058 Med.
1116 3019 1275 3058 AEmilii
1308 3020 1428 3059 Probi
1460 3020 1548 3060 Viri
1574 3020 1782 3059 clarissimi
1813 3021 1861 3058 de
1879 3018 1964 3056 vita
1981 3028 2049 3057 ex·

211 3070 430 3110 cenantium
446 3070 725 3121 imperatorum
752 3073 803 3111 ad
823 3069 957 3110 Reum
979 3071 1237 3121 Pomponium
1266 3073 1447 3112 Atticum
1476 3073 1557 3113 Ed.
1577 3073 1682 3124 Arg.
1735 3071 1892 3112 AEmilii
1920 3069 2049 3110 Probi

176 3122 308 3168 -.Viri
340 3123 549 3163 clarissimi
578 3126 632 3165 ‚de
667 3126 751 3164 vita
785 3124 1057 3168 excellentium
1088 3125 1367 3176 imperatorum
1412 3127 1552 3177 incipit
1574 3127 1750 3176 feliciter
1788 3124 1868 3165 Ed.
1903 3123 2047 3167 Paris.

214 3176 382 3229 AEmylii
411 3177 539 3217 Probi
562 3178 611 3217 de
639 3177 724 3218 vita
750 3178 1023 3218 excellentium
1052 3178 1329 3230 imperatorum
1357 3179 1454 3220 liber
1481 3180 1561 3220 Ed.
1581 3180 1682 3220 Ald.
1737 3177 1907 3230 AEmylii
1925 3175 2050 3225 Probi

215 3229 294 3271 viri
319 3230 530 3271 clarissimi
553 3231 648 3271 vitoe
680 3232 950 3272 excellentium
972 3231 1142 3270 Groecioe
1165 3232 1443 3284 imperatorum
1469 3237 1508 3273 et
1526 3235 1669 3274 ducum
1705 3231 1782 3273 Ed.
1804 3232 1938 3283 Long.
1970 3229 2048 3272 sed

1046 3353 1222 3395 NOTAE

273 3427 295 3458 ί
318 3430 472 3484 Attice]
513 3432 559 3473 Is
592 3437 659 3474 est
690 3433 744 3474 ad
779 3445 910 3487 quem
943 3433 1098 3476 Cicero
1165 3434 1264 3496 idqo
1295 3433 1450 3486 dictus,
1479 3433 1610 3492 quod,
1639 3445 1735 3475 cum
1765 3431 1839 3473 diu
1866 3431 2048 3474 Athenis

220 3494 370 3537 scribit
387 3496 589 3550 epistolas
608 3496 663 3539 ad
683 3495 895 3552 Atticum,
924 3495 1102 3540 Atticus
1163 3495 1304 3539 literis
1338 3508 1512 3552 operam
1545 3496 1753 3551 dedisset,
1788 3508 1875 3539 non
1909 3495 2048 3538 minus
