2346 3886
757 261 849 308 nn‘
876 260 1192 308 conmejmo
1231 268 1509 308 Nerorm
1970 258 2041 311 41

218 387 521 444 Illustrium
545 386 826 441 Virorum.
902 388 1056 442 Citat
1095 390 1330 442 eundem
1366 394 1563 442 testem
1586 390 1643 441 in
1667 405 1806 442 voce
1831 388 2044 443 subinde

218 490 293 527 ex
315 474 411 526 lib.
437 487 500 524 11.
568 472 782 526 Profert
802 479 856 526 et
882 474 1226 536 PriscianuS,
1252 475 1346 526 lib.
1373 487 1509 526 v111.
1552 475 1674 527 haec
1700 491 1772 526 ex
1800 474 2043 543 Nepote,

218 575 326 611 non
349 566 774 612 commemorato
801 565 896 611 aut
922 560 1168 612 indicato
1207 560 1379 612 libro:
1418 563 1436 587 ‘
1462 559 1624 611 AEdis
1651 559 1854 611 Martis
1878 563 1963 612 est
1986 560 2045 612 in

219 643 368 696 circo
386 643 660 696 Flaminio
680 645 1040 697 architectata
1058 646 1129 696 ab
1147 644 1496 697 Hermodoro
1513 643 1853 696 Salaminio?
1889 643 2045 697 Prae-

220 732 372 781 terea
418 728 607 780 harum
658 731 889 782 vitarum
931 731 1173 797 scriptor
1221 731 1297 782 ait
1334 732 1391 782 in
1431 730 1612 782 Dione
1653 728 1748 800 (X.
1772 728 1854 799 3.)
1891 747 1952 783 se
1978 732 2046 783 li-

218 812 376 866 brum
401 813 471 865 de
496 814 772 876 historicis
798 816 1116 884 scripsisse,
1141 816 1235 883 qui
1256 816 1420 868 hodie
1446 832 1555 868 non
1581 820 1755 869 extat.
1807 816 2046 885 Scripsit

220 896 415 966 Nepos
437 904 492 952 et
512 899 578 951 Τ.
606 899 905 968 Pomponii
933 898 1109 952 Attici
1129 901 1322 962 vitam,
1351 916 1423 952 ex
1443 917 1574 969 qua,
1604 905 1808 969 quanta
1833 901 2048 975 Nepoti

218 999 347 1058 ⁴cum
372 982 563 1037 Attico
589 986 926 1038 familiaritas
953 986 1340 1049 intercesserit,
1367 986 1550 1038 cuivis
1569 985 1872 1053 intelligere
1896 981 2047 1038 licet}

221 1062 420 1121 Fuisse
465 1075 643 1123 autem
690 1071 967 1139 Nepotem
1004 1073 1172 1124 etiam
1213 1071 1294 1123 M.
1321 1071 1509 1124 Tullio
1552 1069 1852 1123 admodum
1889 1071 2049 1123 fami-

219 1152 430 1218 liarem,
472 1155 754 1208 declarant
788 1156 1146 1224 epistolarum
1181 1156 1308 1208 libri
1346 1156 1417 1208 ab
1454 1156 1560 1209 hoc
1586 1154 1659 1207 ad
1694 1155 1847 1225 illum
1873 1157 2049 1226 scrip-

221 1244 425 1302 tarum,
471 1245 527 1291 ut
551 1256 720 1307 supra
744 1241 1005 1293 diximus.
1080 1240 1372 1293 Postremo
1395 1240 1719 1293 sententiam
1746 1257 1926 1294 meam
1953 1242 2050 1294 ad·-

216 1322 380 1390 juvat
416 1323 702 1376 doctorum
726 1327 1067 1393 quorundam
1090 1327 1481 1395 testimonium,
1510 1326 1606 1394 qui
1631 1326 1898 1395 scriptum
1921 1327 2050 1379 reli-

226 1412 475 1472 querunt,
518 1425 578 1459 se
619 1411 674 1460 in
712 1425 824 1462 uno
867 1411 1062 1464 codice
1098 1425 1374 1462 manuscr.
1416 1408 1487 1461 ad
1521 1410 1729 1463 calcem
1768 1410 1896 1463 libri
1926 1411 2049 1464 haec

221 1479 393 1568 vei-ba
435 1492 716 1560 adscripta
752 1496 1051 1563 reperisse:
1092 1498 1108 1522 ‘
1135 1492 1486 1563 Completu'm
1525 1500 1614 1547 est
1654 1510 1799 1563 opus
1830 1496 2048 1549 AEmilii

218 1572 413 1638 Probi,
441 1574 983 1646 Cornelii³Nepotisss¹
1058 1577 1202 1643 Quis
1226 1595 1337 1632 non
1360 1579 1527 1643 videt,
1546 1580 1669 1632 haec
1692 1595 1819 1633 esse
1844 1581 2052 1650 scripta

223 1656 260 1711 a
281 1658 504 1712 librario
528 1659 841 1725 haesitante,
883 1666 938 1714 et
972 1660 1274 1726 dubitante,
1315 1666 1371 1715 et
1407 1664 1618 1717 incerto
1645 1664 1715 1717 de
1739 1664 1904 1736 hujus
1926 1666 2053 1718 libri

222 1734 464 1809 auctore,
506 1761 631 1798 cum
658 1762 784 1798 eum
813 1746 940 1800 hinc
972 1745 1203 1799 Cornelii
1229 1744 1464 1818 Nepotis,
1502 1750 1628 1804 hinc
1655 1747 1858 1803 AEmilii
1885 1749 2054 1803 Probi·

222 1828 441 1882 nomina
464 1833 520 1883 et
545 1831 871 1900 cognomina
893 1831 1309 1901 perturbarent?

770 2054 985 2111 CASP.
1023 2056 1496 2124 SGHOPPIUS‚

588 2244 590 2246 ,
668 2209 789 2250 mn.
828 2211 895 2252 11.
934 2212 1289 2254 vnmsan„
1333 2215 1470 2254 CAP.
1507 2200 1600 2255 10.

302 2331 462 2387 Corn.
487 2333 704 2406 NepoS,
730 2339 827 2408 qui
851 2341 995 2395 male
1018 2341 1184 2412 vulgo
1210 2341 1477 2398 AEmilius
1502 2342 1723 2397 Probus
1747 2340 1964 2396 dicitur.

1019 2559 1251 2627 IDEM,

258 2709 784 2751 CONSULTATIONE
824 2710 892 2752 11.
933 2711 1015 2751 DE
1057 2712 1444 2755 PRUDENTIAE
1487 2713 1563 2752 ET
1604 2711 2025 2763 ELOQUEN‘HAE

334 2795 337 2798 ’
843 2797 1165 2839 PARANDAE
1207 2799 1419 2839 MODIS.

241 2919 651 2976 ⁴-Novissimos
696 2938 878 2978 aureae
928 2925 1108 2978 aetatis
1154 2923 1307 2978 facio
1350 2922 1692 2987 Ciceronem,
1737 2920 2045 2986 Caesarem,

219 3004 404 3059 Corn.·
423 3006 721 3076 Nepotem,
760 3009 859 3062 διο.
933 3008 1003 3061 In
1028 3007 1278 3078 Nepotis
1304 3014 1487 3063 tamen
1511 3009 1657 3061 vitas
1694 3006 1919 3059 dubium
1943 3009 2053 3058 non

219 3095 305 3145 est
314 3091 588 3145 nonnulla
604 3091 1010 3161 posterioribus
1030 3094 1261 3147 saeculis
1287 3093 1574 3163 irrepsisse
1599 3095 1672 3146 ab
1697 3093 1808 3147 aevi
1831 3090 2054 3160 Augus-

219 3176 295 3229 tei
330 3174 474 3229 'auro
519 3177 836 3243 remotiora,
881 3177 1115 3243 AEmilii,
1172 3179 1361 3243 credo,
1421 3179 1595 3232 Probi
1645 3193 1837 3247 opera,
1870 3174 2052 3245 'c'u'j'us

219 3274 422 3317 nomen
442 3260 633 3316 multis
657 3264 882 3319 saeculis
904 3263 1131 3319 libellus
1156 3264 1402 3334 Nepotis
1429 3263 1820 3333 praescriptum
1842 3260 2052 3316 habuit.
