2346 3886
366 243 473 325 195
947 295 949 298 v
979 272 1279 316 conNnhu
1320 270 1625 314 NEPo'rlsff
1652 267 1683 329 γ’
1700 268 1735 302 2²2

368 399 583 456 tionis?
598 404 655 446 ²9
687 411 690 414 ⁴
719 396 851 451 Hoc
879 396 1097 467 judicio
1137 396 1436 450 damnatur
1447 389 1810 458 Timotheus?
1847 393 2028 463 lisque
2065 384 2194 477 ejus

369 478 714 540 aestimatur-²¹
765 487 981 538 centum
1028 482 1265 537 talentis·
1353 482 1457 535 Ille
1505 480 1635 533 odio
1681 479 1910 546 ingratae
1957 479 2197 535 civitatis

339 596 346 602 ἃ
370 575 619 633 coactm,
647 558 1022 622 Chalcidem22
1048 584 1108 621 se
1132 567 1382 620 contulit.
1383 574 1407 604 y
2001 611 2006 619 .

438 656 498 707 4.
539 653 730 722 Hujus
753 657 885 722 post
905 657 1136 704 mortem
1176 668 1302 704 cum
1320 651 1591 720 populum
1614 612 1889 719 judicii
1849 651 1937 702 sui
1961 650 2199 719 poenite—

369 744 471 803 ret,
478 746 494 771 ¹
521 739 746 791 mulctae
774 754 972 790 novem
985 741 1214 805 partes²
1239 736 1494 800 detraxit,
1518 740 1572 788 et
1613 735 1806 788 decem
1845 735 2052 787 talenta
2091 734 2202 788 Co·

369 841 572 877 nonem
597 823 767 876 filium
809 822 951 891 ejus³
993 823 1065 874 ad
1098 822 1242 874 muri
1275 822 1558 891 quandam
1599 825 1812 889 partem
1850 811 2200 873 reficiendam

366 909 536 978 jussit
557 909 705 960 dare.
746 907 813 959 In
837 924 947 976 quo
965 909 1198 964 sortunae
1224 924 1257 958 v
1263 908 1464 959 arietas
1488 910 1572 958 est
1597 905 1994 957 animadversa.
2048 903 2201 956 Nam

363 1010 515 1062 quos
542 1009 680 1046 avus
706 965 896 1044 Conon
921 1008 1110 1045 muros
1133 1009 1206 1044 ex
1227 986 1466 1045 hos'tium
1498 991 1694 1059 praeda
1735 990 1932 1058 patriae
1956 978 2203 1043 restituo-

371 1083 478 1143 rat,
503 1078 726 1130 eosdem
752 1094 948 1146 nepos,
973 1094 1096 1130 cum
1123 1093 1336 1129 summa
1375 1075 1676 1143 ignominia
1715 1074 1959 1138 familiae,
1987 1090 2087 1126 ex
2097 1089 2204 1126 sua

308 1210 310 1212 .
371 1161 710 1214 refamiliari
732 1163 958 1245 reficere
984 1154 1216 1214 coactus
1236 1165 1336 1213 est.
1387 1159 1669 1213 Timothei
1696 1163 1878 1211 autem
1902 1150 2201 1211 moderatae

373 1247 755 1317 sapientisque
791 1247 922 1300 vitae
967 1264 1091 1299 cum
1132 1247 1397 1327 pleraque
1436 1245 1750 1314 possimus4
1779 1240 2023 1315 proferre
2054 1243 2205 1296 testi-

371 1332 576 1395 monia,
620 1348 733 1383 uno
785 1332 988 1383 erimus
1037 1330 1312 1397 contenti3
1363 1329 1515 1399 quod
1559 1345 1633 1381 ex
1681 1336 1747 1381 eo
1795 1318 1960 1382 subire
2000 1326 2205 1398 conjici

369 1412 593 1483 poterit,
615 1432 780 1484 quam
807 1420 994 1468 carus⁵
1023 1415 1141 1467 suis
1182 1414 1361 1468 fuerit.
1437 1412 1580 1466 Cum
1611 1412 1842 1466 Athenis
1880 1403 2205 1465 adolescen-

372 1498 528 1562 tulus*
546 1516 773 1552 causam
798 1500 1022 1564 diceret,
1048 1517 1154 1552 non
1192 1501 1372 1552 solum
1412 1500 1577 1552 amici
1616 1499 1930 1567 privatique
1952 1497 2205 1565 hospites

374 1584 447 1636 ad
473 1601 601 1636 eum
627 1584 1031 1637 defendendum
1071 1589 1466 1648 convenerunt,
1506 1584 1605 1636 sed
1638 1584 1806 1636 etiam
1832 1584 1888 1634 in
1913 1583 1998 1634 eis
2029 1581 2067 1634 J
2071 1596 2208 1634 ason

373 1666 715 1736 ἐγιειιιιιιιιε,62
752 1671 848 1739 qui
894 1659 1013 1722 illo‘
1040 1666 1284 1737 tempore
1327 1669 1433 1720 fuit
1480 1666 1721 1720 omnium
1765 1663 2208 1736 potentissimus.

374 1751 492 1815 Hic
518 1769 646 1806 cum
677 1754 735 1805 in
761 1754 944 1822 patria
971 1754 1090 1806 sine
1115 1753 1445 1805 satellitibus
1482 1768 1544 1805 se
1585 1757 1761 1806 tutum
1785 1768 1899 1804 non
1925 1751 2208 1804 arbitrare-

1039 1904 1062 1932 ἆ
1095 1905 1151 1945 Ut
1167 1904 1225 1945 rei
1244 1904 1536 1946 accusabantur.

1143 2023 1442 2039 OOOOOOOOOOO

484 2072 510 2091 Ο·

376 2111 466 2149 adv.
489 2109 570 2147 inv.
591 2107 711 2147 eliam
736 2111 818 2159 pot.
838 2108 1042 2157 confestim
1070 2121 1134 2148 eos
1160 2110 1313 2149 donnum
1339 2111 1532 2148 νεα-20
1560 2106 1828 2148 Prodictionis
1858 2107 1944 2149 Ms.
1963 2106 2087 2147 Voss.
2115 2107 2213 2147 1.—

337 2167 341 2170 “
376 2167 428 2205 21
462 2161 736 2205 Existimatur
754 2162 841 2201 Ms.
861 2163 986 2202 Voss.
1005 2165 1156 2202 2.—-22
1179 2163 1390 2202 Chalciden
1406 2162 1487 2201 Ed.
1509 2163 1642 2214 Long.
1666 2160 1904 2202 Chal-hidem
1919 2159 2005 2200 Ms.
2026 2159 2150 2200 voss.
2170 2163 2212 2200 1.

362 2248 367 2254 .
420 2220 458 2256 1
487 2215 572 2256 Sic
595 2216 681 2255 Ms.
703 2215 903 2255 Mendes.
923 2216 1039 2255 Dan.
1070 2215 1171 2266 [Ed.
1193 2217 1295 2256 Bos.
1317 2222 1363 2255 et
1381 2214 1496 2268 sqq.]
1551 2214 1637 2255 Sed
1664 2227 1752 2254 cum
1779 2215 1964 2266 populum
1980 2214 2044 2253 sui
2065 2212 2214 2263 judicii

374 2269 590 2322 paenitebat
603 2269 689 2308 Ms.
711 2269 835 2309 Leid.
857 2273 895 2309 1.
912 2270 1094 2320 populus,
1109 2283 1195 2309 cum
1213 2270 1398 2319 eumJud.
1419 2269 1481 2309 sui
1495 2282 1538 2320 p.
1556 2268 1636 2309 Ed.
1659 2267 1810 2308 Lamb.
1831 2267 1931 2308 Pat.
1951 2279 2037 2307 cum
2168 2278 2214 2307 ns

366 2323 517 2374 judicii
534 2323 654 2372 sulp.
675 2321 756 2361 Ed.
777 2323 900 2364 Jens.
920 2323 1042 2363 Med.
1061 2323 1165 2374 Arg.
1186 2324 1289 2364 Par.
1311 2322 1412 2364 Ald.
1434 2324 1567 2372 Long.
1597 2322 1718 2373 Mag.
1721 2325 1802 2361 -2
1830 2320 2072 2362 PartisE.
2072 2319 2213 2362 Jens.

380 2377 502 2417 Med.
525 2376 665 2416 Gebh.
668 2379 748 2415 —3
781 2375 881 2425 EJus
899 2376 1035 2429 filium
1064 2336 1152 2417 Edg
1178 2377 1326 2417 Lamb.
1328 2381 1409 2417 -4
1437 2377 1658 2416 Raetiam
1678 2376 1762 2415 Ms.
1788 2377 1904 2415 Dan.
1924 2372 2049 2415 Voss.
2070 2377 2109 2414 1.
2129 2373 2214 2415 Ed.

367 2430 531 2475 Lamb.
552 2430 672 2481 [Bos.
688 2430 728 2469 2.
748 2429 869 2470 Stav.
894 2430 1020 2471 Harl.
1043 2430 1189 2471 Brem.
1210 2431 1365 2472 Heinr.
1385 2429 1627 2471 Tzachuck.
1647 2428 1883 2480 Schmied.]
1907 2424 2218 2469 Sedeumoom-

372 2485 492 2536 plura
506 2494 709 2536 possumus
727 2483 811 2525 Ms.
831 2485 958 2524 Voss.
979 2488 1019 2524 2.
1042 2485 1123 2524 Ed.
1131 2485 1293 2524 Boecl.
1325 2485 1493 2525 Keuch.
1525 2484 1627 2524 Bos.
1651 2487 1689 2523 1.
1718 2496 1805 2523 cum
1817 2484 2217 2535 pleraquepoesumus

379 2537 471 2578 Ed.
482 2537 606 2578 JenS.
628 2536 759 2577 Med.
770 2536 863 2590 Arg
867 2535 997 2578 ..Ald
1019 2539 1157 2591 Long.
1178 2536 1299 2590 Mag.
1318 2538 1474 2578 PataV.
1489 2538 1701 2590 cumplura
1714 2537 2004 2589 possimusMs.
2024 2534 2109 2576 Ax.
2124 2533 2215 2576 Ed.

380 2591 516 2633 Heus.
554 2589 663 2643 [Ith.
684 2593 845 2642 Wetz„
865 2604 939 2643 qul
957 2593 1176 2643 vulgatum
1211 2593 1406 2643 ineptum
1436 2603 1529 2632 esse
1562 2591 1831 2645 pronuntiat,
1857 2602 1938 2630 nec
1965 2588 2143 2629 damnat
2165 2587 2217 2627 ’τὸ

335 2667 337 2670 <
377 2647 495 2697 plura
510 2645 756 2685 Tzschnck.
776 2645 830 2685 ad
849 2652 1076 2698 utrumque
1109 2646 1215 2686 edit.
1237 2645 1410 2687 ratusid
1426 2651 1526 2696 apte
1547 2651 1743 2696 spectare
1755 2643 1803 2683 τὸ
1821 2656 1909 2683 uno.
1913 2643 1932 2695 ]
1952 2644 2096 2683 Male:
2118 2651 2217 2681 nam

375 2700 553 2751 plerique
572 2704 671 2738 sunt
688 2711 805 2751 saepe
825 2700 964 2739 multi.-
988 2712 1026 2739 ν.
1047 2700 1236 2740 Rncker.
1255 2706 1357 2739 tom.
1371 2703 1408 2739 1.
1434 2699 1548 2738 Diss.
1564 2699 1731 2750 Belgio.
1750 2712 1792 2749 p.
1810 2701 1903 2737 309.
1934 2694 2082 2750 [Add.
2078 2694 2214 2737 Stav.

380 2752 435 2791 ad
452 2753 519 2791 ed.
536 2752 638 2791 min.
641 2752 740 2804 ]-5
765 2752 845 2792 Ed.
861 2753 982 2793 Jens.
1001 2753 1120 2792 Med.
1141 2754 1298 2805 [Heus.
1309 2758 1354 2793 et
1372 2758 1554 2792 recentt.
1572 2759 1720 2791 recte:
1740 2750 1937 2791 charusin
1956 2749 2100 2789 multis
2117 2748 2218 2791 edd.

381 2805 514 2844 etiam
533 2806 652 2845 Stav.
657 2806 759 2856 ]——6
776 2807 900 2845 Jason
921 2811 1049 2857 tyran.
1069 2807 1280 2846 Thessaliae
1298 2807 1383 2846 Ms.
1405 2807 1516 2845 Dan.
1536 2804 1658 2845 Leid.
1675 2808 1716 2845 1.
1747 2805 1940 2856 Lasonty
1942 2816 1976 2844 r.
1991 2802 2073 2844 Ed.
2091 2802 2216 2845 Jens.

365 2858 506 2897 Med.
542 2858 646 2909 Arg.
668 2859 768 2898 Par.
803 2858 901 2898 Ald.
931 2861 1056 2898 Jason
1075 2864 1156 2911 tyr.
1179 2860 1444 2900 Thessalorum
1472 2859 1554 2899 Ed.
1590 2860 1725 2910 Long.
1753 2817 1940 2920 [Atquey
1934 2857 2054 2898 Stav.
2071 2856 2128 2900 ad
2146 2855 2216 2897 ed.

366 2911 483 2951 -min.
507 2911 753 2951 addendum
774 2918 899 2963 putat
921 2913 1130 2953 Thessaliae
1163 2914 1231 2953 vel
1267 2914 1549 2965 Thessalorum,
1571 2918 1622 2952 ut
1640 2912 1694 2952 ab
1723 2911 1817 2953 aliis
1843 2911 2152 2965 distinguatur,
2171 2914 2218 2950 et

1216 3033 1393 3075 NOTAE

436 3132 457 3154 ¹
487 3126 575 3166 Hoc
594 3125 749 3176 judicio
777 3128 987 3167 damnatur
1027 3127 1268 3179 Timotheus]
1336 3141 1416 3181 per
1435 3129 1573 3169 astitit
1591 3128 1719 3170 aree!

383 3189 497 3232 Quia
522 3189 605 3230 etsi
627 3203 711 3230 una
730 3203 824 3229 cum
846 3191 916 3230 illo
938 3190 1179 3242 Iphicrates
1201 3203 1267 3231 ac·
1387 3198 1405 3219 ²
1429 3193 1556 3242 «Iason
1590 3191 1801 3246 tyrannus]
1838 3190 1941 3232 Non
1966 3190 2108 3232 clarus
2141 3189 2215 3231 ille

385 3257 556 3293 casatus
589 3251 755 3303 fuisset,
784 3260 925 3293 tamen
949 3250 1200 3307 absolvitur,
1218 3260 1266 3294 ut
1333 3255 1682 3307 Argonautarum
1703 3256 1819 3306 Dux,
1843 3253 1935 3306 sed,
1962 3258 2011 3293 ut
2041 3252 2218 3306 quidam

385 3329 518 3368 supra
537 3317 580 3356 in
599 3316 833 3368 Iphicrate.
1332 3319 1497 3370 volunt,
1525 3319 1822 3359 Thessalorum
1844 3323 2066 3374 tyrannm,
2091 3316 2216 3368 quus

438 3385 456 3413 5
487 3379 711 3420 Chalcidem
728 3394 769 3421 se
788 3381 969 3433 contulit]
999 3382 1159 3423 Urbem
1180 3384 1265 3422 Eu·
1332 3381 1619 3422 meminerunt
1674 3381 1932 3433 Xenophon,
1989 3378 2218 3432 Diodorus,

383 3441 493 3481 boeae
510 3441 563 3480 ad
578 3443 787 3494 Euripum
803 3457 815 3494 3
836 3444 950 3483 unde
962 3445 1084 3496 Virg.
1099 3445 1267 3486 AEneid.
1335 3446 1608 3499 PlutarchuS‚
1630 3451 1675 3487 et
1692 3445 1764 3486 alii
1782 3444 2036 3496 complures.

385 3515 450 3545 vt.
478 3506 491 3528 ‘
508 3505 835 3560 Chalcidicaque
869 3508 975 3548 levis
1007 3508 1181 3550 tandem
1201 3521 1268 3549 su·
