2326 3860
883 247 1293 290 FRAGMENTA?
1314 247 1402 287 x.‘
1936 231 2051 289 391*

293 357 636 441 Magnitudo
660 371 807 425 loto
834 372 1034 435 arbori,
1085 387 1210 439 quae
1248 370 1372 438 piro
1391 385 1404 421 :
1420 374 1445 396 ⁸
1479 381 1802 436 quanquam
1825 363 2058 435 *Nepos*

221 457 508 512 Cornelius
546 458 766 509 brevem
805 454 1004 518 tradat,
1044 458 1144 508 διο.
1218 453 1430 507 Vinum
1467 467 1685 520 quoque
1724 449 2049 519 exprimitur

222 543 323 607 illi,
361 543 539 595 simile
564 540 764 605 malsc,
801 539 956 609 quod
979 539 1123 591 ultra
1159 537 1334 590 denos
1360 536 1480 589 dies
1502 541 1666 603 negat
1689 535 1882 587 durare
1905 535 2050 587 idem

226 627 459 696 Nepos;
509 628 826 694 baccasque
876 629 1138 678 contusas
1185 640 1310 676 cum
1373 622 1523 676 alica
1571 620 1645 673 ad
1692 621 1849 673 cibos
1895 619 2059 672 dolio.

227 711 407 764 condi.
484 710 630 763 Plin.
658 724 802 763 x111.
826 710 917 763 17.
958 710 986 779 §
1009 709 1102 762 32.

297 795 580 848 Scandula
628 801 939 848 contectam
986 794 1164 846 fuisse
1215 791 1459 846 Romam
1506 805 1688 859 usque
1732 788 1804 842 ad
1846 788 2055 842 bellum

227 879 447 948 Pyrrhib
480 880 639 934 annis
679 879 1094 948 quadringentis
1134 890 1283 929 Lxx.
1309 875 1596 928 Cornelius
1624 873 1820 943 Nepos
1860 876 2050 926 auctor

228 968 332 1017 est.
411 962 555 1017 Idem
582 978 715 1017 xvi.
740 965 829 1018 10.
869 964 898 1034 §
921 964 1010 1016 15.

301 1049 597 1103 Cornelius
623 1049 821 1118 Nepos
848 1048 1033 1112 tradit,
1071 1051 1198 1100 ante
1241 1046 1415 1118 Syllae
1456 1045 1745 1098 victoriam
1786 1044 1898 1097 duo
1933 1049 2055 1098 tan·

229 1140 346 1187 tum
367 1135 606 1187 triclinia
636 1134 837 1187 Romae
862 1133 1039 1186 fuisse
1056 1138 1340 1200 argentea.
1383 1128 1530 1181 Idem
1549 1130 1900 1183 .xxx111.ll.
1921 1129 2056 1200 §52

302 1218 526 1270 Primus
569 1219 775 1271 invenit
820 1216 1000 1269 lineas
1049 1216 1321 1278 colorare,
1367 1220 1526 1279 testa,
1571 1220 1633 1268 ut
1670 1215 1865 1279 ferunt,
1910 1215 2058 1279 trita,

232 1302 611 1371 Cleophantus
637 1302 950 1356 Corinthius
1045 1302 1230 1365 Hunc,
1278 1306 1374 1353 aut
1415 1301 1608 1354 eodem
1648 1302 1866 1352 nomine
1890 1300 2068 1352 alium

230 1387 424 1450 fuisse,
464 1404 627 1455 quem
669 1387 833 1440 tradit
876 1385 1170 1438 Cornelius
1216 1384 1412 1455 Nepos
1457 1390 1702 1438 secutum
1742 1386 1796 1436 in
1836 1385 2062 1438 Italiam

236 1472 609 1536 Demaratum,
646 1472 933 1541 Tarquinii
975 1470 1177 1534 Prisci,
1215 1469 1458 1522 Romani
1506 1470 1670 1536 regiS,
1709 1474 1939 1537 patrem,
1977 1467 2063 1520 fu-

234 1557 476 1624 gientem
502 1574 536 1609 a
570 1555 835 1610 Corintho
859 1557 1096 1626 injurias
1144 1555 1370 1624 Cypseli
1396 1555 1654 1624 tyranni,c
1677 1569 1813 1606 mox
1840 1553 2064 1606 docebi-

235 1658 377 1694 mus.
453 1640 599 1694 Idem
625 1655 836 1694 xxxv.
860 1642 914 1695 3.
956 1643 984 1712 ξ
1009 1643 1063 1694 5.

309 1727 555 1779 Primum
576 1726 775 1779 Romae
803 1728 1046 1796 parietes
1071 1731 1258 1779 crusta
1276 1726 1564 1778 marmoris
1590 1727 1873 1793 operuisse
1898 1725 2066 1777 totius

235 1811 433 1864 domus
460 1827 577 1864 suae
603 1813 662 1864 in
687 1810 872 1865 Coelio
899 1818 1084 1864 monte
1128 1811 1420 1878 Cornelius
1449 1810 1643 1878 Nepos
1682 1810 1907 1863 tradidit
1941 1808 2068 1862 Ma·

234 1912 488 1961 murram,
528 1897 770 1949 Formiis
802 1896 1035 1961 natum‚‘¹
1076 1897 1319 1966 equitem
1361 1895 1697 1959 Romanum,
1737 1895 2066 1962 praefectum

235 1981 448 2037 fabrum
491 1980 553 2034 C.
595 1979 840 2035 Caesaris
885 1983 945 2034 in
989 1982 1198 2047 Gallia,
1238 1986 1340 2035 stc.
1415 1979 1643 2049 Adjecit
1675 1979 1820 2031 idem
1846 1979 2067 2047 NepoS,

238 2074 361 2118 eum
385 2067 624 2134 primum
649 2067 780 2119 totis
807 2066 1021 2119 aedibus
1045 2067 1274 2132 nullam,
1310 2066 1422 2119 nisi
1460 2082 1492 2118 e
1533 2080 1822 2128 marmore,
1862 2064 2068 2116 colum-

1070 2274 1243 2317 NOTAE
1275 2279 1280 2283 '

297 2409 317 2431 ²
345 2397 584 2454 Magnitudo
617 2404 694 2445 loto
723 2403 871 2456 arbori,
900 2416 987 2458 quoe
1014 2403 1124 2457 piro]

244 2469 378 2509 Lotus
398 2468 528 2508 arbor
558 2466 759 2520 frequens
792 2468 835 2507 iu
862 2467 1014 2508 Africa
1042 2466 1127 2509 fuit

244 2529 358 2584 apud
382 2531 591 2582 Syrthes;
629 2530 741 2570 unde
775 2531 1015 2583 Lotophagi
1052 2543 1127 2584 po·

244 2594 351 2647 puli,
376 2594 494 2647 quod
527 2594 620 2647 ejus
658 2594 824 2634 arboris
860 2591 1008 2635 fructu
1039 2607 1130 2635 cre-

231 2655 402 2711 dantur
419 2657 618 2697 victitare
635 2671 647 2706 ;
677 2657 801 2710 cujus
820 2657 942 2699 cibus
961 2663 1028 2698 est
1042 2663 1129 2699 tam

246 2719 402 2770 dulcis,
435 2725 483 2760 ut
530 2720 707 2762 advenis
754 2721 933 2763 incutiat
978 2724 1130 2775 patriae

245 2783 502 2824 oblivionem
519 2798 529 2824 :
561 2786 709 2838 itaque
727 2799 823 2827 cum
840 2787 1010 2838 Ulyssis
1028 2786 1131 2827 socii

248 2847 382 2889 delati
413 2846 599 2888 fuissent
644 2847 852 2899 Africam,
895 2854 941 2890 et
979 2850 1135 2889 Lotum

250 2916 508 2964 gustassent,
542 2911 623 2951 vix’
649 2912 750 2953 inde
794 2913 951 2954 abduci
984 2918 1136 2966 potue-

250 2980 364 3016 runt.
424 2975 552 3016 Hom.
576 2976 735 3029 Odyss.
754 2988 820 3018 rx.

305 3037 324 3066 δ
343 3038 546 3078 ‘Sc-andala
572 3044 787 3080 contectam
807 3039 938 3089 fuisse
971 3041 1136 3081 Romam

248 3114 368 3154 usque
382 3104 434 3141 ad
452 3102 590 3142 bellum
606 3103 774 3155 Pyrrhi,
786 3104 878 3156 ¹aaz]
905 3104 1135 3155 Scandula,

250 3166 385 3219 quasi,
426 3166 635 3218 scindula,
669 3180 694 3208 a
730 3168 993 3217 scindend03
1037 3168 1138 3220 qnia

253 3228 464 3282 ejusmodi
510 3235 607 3269 sunt
649 3231 807 3281 tegnlae
845 3231 1016 3282 ligneae,
1053 3242 1136 3269 nou

253 3304 388 3341 serra,
422 3291 496 3331 sed
531 3291 783 3343 bipennibus
828 3293 986 3332 scissae.
1056 3292 1138 3331 Vel

254 3354 471 3396 scandulae
491 3367 514 3394 a
532 3355 790 3405 scandendo,
817 3356 918 3408 quia
936 3356 977 3395 in
995 3355 1140 3395 culmi-

256 3419 381 3460 nibus
403 3424 630 3469 tectorum,
660 3419 715 3460 ad
734 3421 903 3471 tegulas
922 3419 1142 3459 imbrices-

257 3495 341 3538 que
386 3482 660 3525 sustinendos
714 3483 996 3532 collocantur,
1057 3495 1142 3538 quo

1194 2404 1453 2445 scandentes
1484 2401 1713 2455 pervenire
1748 2400 1902 2440 solent.
1966 2397 2078 2438 Inde

1194 2473 1359 2509 tectum
1390 2465 1642 2507 scandulare
1671 2465 1847 2515 dicitur,
1880 2462 1994 2517 quod
2023 2475 2079 2504 ex

1196 2530 1413 2572 scandulis
1430 2534 1617 2571 constat.

1250 2599 1268 2621 ⁰
1286 2594 1325 2634 A
1342 2593 1532 2633 Corintho
1544 2591 1711 2642 injurias
1726 2590 1885 2643 Cypseli
1899 2587 2082 2642 tyranni]

1197 2658 1424 2711 Tyrannus
1470 2656 1543 2697 ille
1582 2654 1829 2695 Corinthius
1869 2652 2081 2705 Cypselus

1199 2721 1340 2761 dictus
1361 2733 1386 2760 a
1406 2719 1586 2770 Cistula,
1607 2730 1735 2771 quam
1754 2715 1899 2758 Graeci
1920 2715 2082 2767 Cypse-

1198 2786 1268 2826 lon
1288 2789 1458 2836 vocant,
1476 2785 1519 2825 in
1539 2795 1623 2836 qua
1650 2781 1824 2823 delituit
1844 2780 2085 2821 occultatus

1204 2862 1229 2889 a
1247 2854 1402 2900 matre,
1418 2860 1514 2887 cum
1531 2846 1585 2887 ad
1601 2851 1783 2888 mortem
1800 2848 2086 2898 quaereretur.

1202 2912 1315 2953 Vide
1348 2913 1439 2954 cic.
1469 2913 1513 2951 in
1540 2913 1668 2952 Tusc.
1697 2911 1863 2953 Quaest.
1882 2908 1957 2949 lib.
1977 2919 2021 2948 v.
2040 2911 2087 2950 et

1202 2976 1278 3017 lib.
1298 2976 1353 3016 de
1372 2976 1494 3016 Fato.
1996 2975 1999 2979 “

1255 3039 1275 3067 ‘¹
1296 3041 1558 3090 Mamurram,
1577 3037 1749 3079 Formiis
1766 3041 1833 3078 nat
1839 3036 1921 3087 um]
1957 3034 2088 3075 Hunc

1204 3109 1437 3157 propterea
1475 3102 1671 3142 Catullus
1709 3102 1850 3151 carpit
1895 3100 1937 3138 in
1984 3097 2089 3149 Ερίέ

1204 3173 1456 3219 grammate,
1476 3167 1517 3204 in
1535 3177 1619 3216 quo
1638 3164 1790 3203 scribit
1809 3174 1903 3202 eum
1923 3162 1966 3202 iu
1988 3160 2090 3201 aedi-

1207 3231 1285 3270 bus
1302 3230 1388 3269 suis
1407 3229 1619 3277 habuisse,
1647 3226 1851 3279 quicquid
1869 3224 2092 3265 habuisset

1208 3293 1354 3334 Gallia
1372 3290 1669 3342 comata,qnia
1690 3288 1933 3329 Praefectus
1954 3286 2092 3329 fabro-

1208 3369 1300 3396 rum
1320 3356 1503 3397 Caesaris
1523 3355 1563 3394 in
1585 3353 1729 3394 Gallia
1749 3351 1847 3393 fuit.
1900 3350 2011 3395 vide
2037 3353 2090 3393 de

1209 3420 1361 3461 eodem
1380 3419 1494 3460 Plin.
1512 3417 1589 3459 lib.
1608 3426 1769 3458 xxxvi.
1786 3419 1826 3458 6.
