2326 3860
969 688 1232 751 XXIV.

423 923 546 995 M.
635 919 1288 998 PORCIUS
1375 921 1791 1019 CATO,

184 1142 302 1197 EX
350 1142 599 1197 LIBRO
648 1141 1156 1197 POSTERIORE
1204 1142 1594 1197 CORNELII
1637 1141 2027 1197 NEPOTISA*

883 1385 1334 1430 ARGUMENTUM.

185 1517 354 1562 CARI.
383 1516 488 1571 Ejus
507 1522 654 1560 ortus,n
695 1516 1005 1563 Adolescentia
1033 1523 1079 1560 et
1110 1517 1265 1571 officia.
1317 1507 1829 1583 2.>Consu1‡1-1isp'aniam
1847 1520 2025 1564 citer-io«,

238 1597 331 1627 rein
345 1585 528 1629 sortitus
541 1590 629 1629 est.
682 1587 845 1629 Censor
863 1587 1159 1640 gravissimus.
1214 1591 1254 1630 3.
1282 1588 1388 1641 Ejus
1409 1589 1612 1643 elogium,
1625 1588 1784 1641 studia,
1799 1588 1975 1642 scripta.

183 1929 437 2010 CATO¹²
461 1954 614 2012 ortus
652 1956 962 2029 municipio
993 1958 1291 2026 Tuscu10‚¹²
1322 1951 1808 2025 adolescentulu3‚
1830 1947 2025 2030 prius-¹

182 2057 349 2111 quam
387 2036 690 2108 honoribus
734 2060 964 2115 operam
1009 2044 1208 2110 daret:
1252 2049 1506 2099 versatus
1546 2050 1636 2100 est
1676 2045 1732 2098 in
1773 2043 2027 2108 SabiniS,

666 2205 687 2224 ⁰
710 2192 932 2251 Antequam
949 2198 993 2239 in
1010 2168 1278 2250 dignitatibus
1296 2202 1535 2239 versaretur.

1224 2304 1248 2319 0

236 2378 252 2413 t
284 2370 335 2410 In
365 2371 452 2412 Ms.
472 2371 595 2412 Voss.
615 2375 652 2413 1.
680 2372 784 2413 Vita
802 2372 977 2413 Catonis
1008 2373 1204 2426 sequitur
1221 2371 1367 2412 Vitam
1388 2370 1543 2422 Attici,
1575 2376 1618 2411 et
1641 2370 1787 2411 Vitam
1806 2371 2022 2413 Miltiadis

176 2423 221 2462 in
241 2424 366 2465 Voss.
385 2427 425 2465 3.
467 2425 520 2465 In
540 2426 667 2467 Voss.
685 2429 726 2466 2.
746 2426 920 2466 videtur
939 2438 964 2465 a
984 2425 1215 2467 recentiori
1234 2437 1362 2465 manu
1381 2424 1542 2465 addita.
1571 2424 1708 2465 Abest
1729 2424 1783 2464 ab
1802 2425 1884 2464 Ed.
1902 2426 2024 2467 Jens.

181 2477 286 2518 Par.
306 2476 528 2518 Ald.—M.
550 2479 598 2519 P.
622 2480 668 2519 C.
688 2490 738 2518 ex
766 2479 866 2519 libro
891 2483 992 2530 post.
1015 2480 1138 2520 Corn.
1167 2480 1272 2531 Nep.
1323 2479 1444 2518 Corn.
1471 2479 1571 2528 Nep.
1589 2479 1653 2519 M.
1672 2479 1791 2518 Porc.
1825 2479 1924 2519 Calo
1941 2479 2025 2521 Ed.

180 2530 287 2582 Arg.
314 2531 599 2582 Fragmentum
612 2533 714 2584 quod
726 2544 778 2572 ex
795 2533 920 2574 Probi
932 2532 1035 2574 libro
1049 2533 1264 2585 posteriore
1281 2536 1470 2585 superest.
1503 2532 1567 2572 M.
1589 2531 1721 2572 Por-tii
1745 2532 1910 2572 Catonis
1925 2533 2025 2573 vita.

180 2584 263 2624 Ed.
283 2584 400 2637 Mag.
449 2586 516 2625 Ex
533 2584 634 2626 libro
649 2587 816 2626 mundo
832 2586 993 2627 AEmilii
1011 2587 1134 2627 Probi
1151 2599 1222 2630 seu
1244 2587 1366 2639 Corn.
1389 2584 1492 2638 Nep.
1525 2585 1606 2626 Ed.
1627 2584 1774 2627 Lamb.
1802 2586 1866 2626 M.
1883 2587 2025 2627 Porcii

183 2637 346 2678 Catonis
364 2638 447 2679 vita
476 2638 646 2680 Schott.
674 2639 738 2680 Μ.
764 2639 926 2681 Porcius
946 2641 1048 2681 Cato
1076 2640 1147 2693 [ex
1180 2639 1280 2680 libro
1308 2642 1455 2692 poster.
1487 2641 1607 2680 Corn.
1628 2638 1754 2692 Nep]
1780 2639 1863 2679 Ed.
1883 2640 2022 2681 Heus.

176 2690 330 2742 {Hau-l.
346 2692 581 2735 Tzachuck.
599 2693 816 2735 Schmied.
849 2693 970 2746 signa
1004 2705 1212 2735 uncorum
1242 2693 1447 2733 omittunt
1466 2693 1586 2734 stav.
1605 2693 1740 2734 Wetz.
1761 2692 1847 2734 Ith.
1869 2692 2025 2736 Heinr.

179 2745 331 2785 Patav.
350 2746 423 2787 ed.
442 2746 515 2787 ubi
538 2753 680 2787 tamen
701 2752 826 2787 extat
845 2760 896 2788 ex
914 2747 1013 2788 libro
1032 2749 1212 2788 secundo.
1257 2748 1358 2787 Cato
1378 2746 1461 2787 Ed.
1479 2744 1649 2798 Brcm]

236 2802 254 2838 Ι
289 2799 416 2838 Catho
443 2801 531 2840 Με.
553 2800 677 2841 Voss.
709 2804 835 2842 8.-2
862 2802 1072 2854 Perpenna
1100 2802 1185 2843 Ms-
1205 2799 1331 2842 Voss.
1367 2805 1404 2842 1.
1438 2803 1479 2842 2.
1512 2803 1554 2841 3.
1585 2799 1705 2841 Leid.
1733 2803 1776 2842 2.
1795 2799 1878 2841 Ed.
1897 2799 2022 2842 Med.

1016 2937 1198 2980 NOTAE

234 3026 251 3047 ³
282 3019 404 3074 Calo]
454 3021 584 3074 Cujus
609 3034 857 3075 praenomen
892 3025 1069 3068 Marcus
1135 3026 1149 3050 ‘
1172 3025 1304 3077 Num,
1323 3024 1494 3079 quando
1512 3023 1634 3065 vides
1646 3023 1930 3065 Tusculanum
1952 3023 2027 3063 ali·

180 3082 374 3124 PorciuS.
418 3083 431 3106 ‘
448 3082 575 3127 Anno
618 3091 844 3140 postquam
885 3089 1068 3140 primum
1136 3101 1278 3143 quem,
1297 3087 1352 3129 de
1371 3088 1438 3130 M.
1457 3087 1624 3128 Catone
1653 3087 1727 3128 ino
1745 3086 1789 3127 in
1807 3087 1922 3127 omni
1942 3087 2025 3127 vir·

180 3146 339 3187 Consul
377 3143 522 3187 fuerat
560 3149 616 3191 Q.
651 3148 808 3192 Fabius
852 3151 1068 3193 Maximus
1137 3156 1232 3193 tute
1249 3150 1462 3204 principe,
1489 3161 1590 3190 num
1609 3147 1664 3188 de
1687 3149 1736 3189 Τ.
1756 3148 2025 3190 Coruncanio

179 3208 463 3261 Verrucosus,
483 3209 556 3263 qui
573 3210 806 3253 Tarentum
827 3218 1070 3266 receperat,
1135 3213 1353 3266 municipe
1370 3226 1463 3264 suo,
1480 3224 1581 3253 num
1600 3211 1654 3253 de
1676 3217 1745 3252 tot
1766 3210 1908 3252 Fabiis
1935 3213 2025 3264 glo·

180 3284 261 3324 ego
291 3278 417 3313 natus
452 3286 542 3314 sum
560 3272 587 3314 :’
614 3273 677 3314 sic
710 3287 807 3316 eum
841 3275 896 3316 de
925 3276 1068 3330 seipso
1135 3276 1284 3318 riari3'
1340 3278 1399 3318 Et
1417 3276 1514 3318 Val.
1531 3276 1651 3318 Max.
1670 3275 1747 3317 lib.
1767 3279 1897 3317 nid.
1922 3277 1936 3299 ‘
1959 3277 2023 3318 Μ.

180 3335 426 3388 loquentem
446 3335 684 3377 introducit
716 3335 892 3390 Cicero,
921 3337 964 3379 ln
990 3338 1066 3380 lib.
1135 3339 1316 3381 Porcius
1337 3339 1464 3390 Cato,
1490 3338 1562 3391 qui
1587 3349 1742 3379 nomeu
1772 3350 1895 3379 suum
1913 3339 2023 3381 Tus·

183 3395 238 3437 de
255 3397 509 3438 Senectute·
1135 3404 1220 3444 culi
1267 3400 1474 3454 ignobile,
1520 3402 1665 3442 Romoe
1711 3400 2022 3444 nobilissimum

236 3459 254 3488 ὓ
280 3462 502 3516 Municipio
523 3463 704 3517 Tusculo]
749 3463 863 3506 Hinc
884 3464 1064 3510 Cicero:
1135 3463 1356 3509 reddidit!
1423 3464 1563 3507 Porro
1598 3464 1827 3520 Tusculus,
1868 3465 2022 3509 civitas
