<?xml version="1.0" encoding="UTF-8"?>
<!DOCTYPE html PUBLIC "-//W3C//DTD XHTML 1.0 Transitional//EN"
    "http://www.w3.org/TR/xhtml1/DTD/xhtml1-transitional.dtd">
<html xmlns="http://www.w3.org/1999/xhtml" xml:lang="en" lang="en">
 <head>
  <title>
</title>
<meta http-equiv="Content-Type" content="text/html;charset=utf-8" />
  <meta name='ocr-system' content='tesseract 3.04.00' />
  <meta name='ocr-capabilities' content='ocr_page ocr_carea ocr_par ocr_line ocrx_word'/>
</head>
<body>
  <div class='ocr_page' id='page_1' title='image "./vitaeexcellentiu01nepouoft_0417.png"; bbox 0 0 2326 3860; ppageno 0'>
   <div class='ocr_carea' id='block_1_1' title="bbox 713 268 1546 312">
    <p class='ocr_par' dir='ltr' id='par_1_1' title="bbox 713 268 1546 312">
     <span class='ocr_line' id='line_1_1' title="bbox 713 268 1546 312; baseline 0.005 -4"><span class='ocrx_word' id='word_1_1' title='bbox 713 268 1024 310; x_wconf 74' lang='lat' dir='ltr'><strong>AUo&#39;roms</strong></span> <span class='ocrx_word' id='word_1_2' title='bbox 1063 268 1546 312; x_wconf 72' lang='lat' dir='ltr'><strong>PRAEFA&#39;HONEM.</strong></span> 
     </span>
    </p>
   </div>
   <div class='ocr_carea' id='block_1_2' title="bbox 220 380 1109 441">
    <p class='ocr_par' dir='ltr' id='par_1_2' title="bbox 220 380 1109 441">
     <span class='ocr_line' id='line_1_2' title="bbox 220 380 1109 441; baseline -0.003 -10"><span class='ocrx_word' id='word_1_3' title='bbox 220 384 394 431; x_wconf 70' lang='lat' dir='ltr'><strong>&#39;tu-cul.</strong></span> <span class='ocrx_word' id='word_1_4' title='bbox 413 380 476 428; x_wconf 70' lang='lat' dir='ltr'><strong>xv.</strong></span> <span class='ocrx_word' id='word_1_5' title='bbox 494 386 622 429; x_wconf 85' lang='lat' dir='ltr'><strong>Plato</strong></span> <span class='ocrx_word' id='word_1_6' title='bbox 653 386 699 429; x_wconf 88' lang='lat' dir='ltr'><strong>in</strong></span> <span class='ocrx_word' id='word_1_7' title='bbox 725 387 927 441; x_wconf 86' lang='lat' dir='ltr'><strong>Sympos.</strong></span> <span class='ocrx_word' id='word_1_8' title='bbox 948 391 995 428; x_wconf 91' lang='lat' dir='ltr'><strong>et</strong></span> <span class='ocrx_word' id='word_1_9' title='bbox 1022 387 1109 428; x_wconf 88' lang='lat' dir='ltr'><strong>Xe-</strong></span> 
     </span>
    </p>
   </div>
   <div class='ocr_carea' id='block_1_3' title="bbox 221 448 1107 554">
    <p class='ocr_par' dir='ltr' id='par_1_3' title="bbox 221 448 1107 554">
     <span class='ocr_line' id='line_1_3' title="bbox 221 448 1107 504; baseline 0.003 -15"><span class='ocrx_word' id='word_1_10' title='bbox 221 448 411 502; x_wconf 81' lang='lat' dir='ltr'><strong>nophon.</strong></span> <span class='ocrx_word' id='word_1_11' title='bbox 449 449 588 492; x_wconf 86' lang='lat' dir='ltr'><strong>Stoici</strong></span> <span class='ocrx_word' id='word_1_12' title='bbox 624 462 726 495; x_wconf 84' lang='lat' dir='ltr'><strong>vero</strong></span> <span class='ocrx_word' id='word_1_13' title='bbox 771 456 819 492; x_wconf 90' lang='lat' dir='ltr'><strong>et</strong></span> <span class='ocrx_word' id='word_1_14' title='bbox 864 451 1107 504; x_wconf 78' lang='lat' dir='ltr'>sapientem</span> 
     </span>
     <span class='ocr_line' id='line_1_4' title="bbox 224 511 1106 554; baseline 0.002 -2"><span class='ocrx_word' id='word_1_15' title='bbox 224 517 466 553; x_wconf 84' lang='lat' dir='ltr'><strong>amaturum</strong></span> <span class='ocrx_word' id='word_1_16' title='bbox 493 524 588 553; x_wconf 88' lang='lat' dir='ltr'><strong>esse</strong></span> <span class='ocrx_word' id='word_1_17' title='bbox 615 511 779 554; x_wconf 89' lang='lat' dir='ltr'><strong>dieunt.</strong></span> <span class='ocrx_word' id='word_1_18' title='bbox 835 513 908 554; x_wconf 89' lang='lat' dir='ltr'><strong>Sic</strong></span> <span class='ocrx_word' id='word_1_19' title='bbox 925 518 971 554; x_wconf 88' lang='lat' dir='ltr'><strong>et</strong></span> <span class='ocrx_word' id='word_1_20' title='bbox 988 513 1106 554; x_wconf 90' lang='lat' dir='ltr'><strong>Alci-</strong></span> 
     </span>
    </p>
   </div>
   <div class='ocr_carea' id='block_1_4' title="bbox 223 574 1118 628">
    <p class='ocr_par' dir='ltr' id='par_1_4' title="bbox 223 574 1118 628">
     <span class='ocr_line' id='line_1_5' title="bbox 223 574 1118 628; baseline 0.002 -13"><span class='ocrx_word' id='word_1_21' title='bbox 223 586 330 616; x_wconf 84' lang='lat' dir='ltr'><strong>nous</strong></span> <span class='ocrx_word' id='word_1_22' title='bbox 346 575 616 626; x_wconf 88' lang='lat' dir='ltr'><strong>Platonicus,</strong></span> <span class='ocrx_word' id='word_1_23' title='bbox 633 587 731 628; x_wconf 90' lang='lat' dir='ltr'><strong>cap.</strong></span> <span class='ocrx_word' id='word_1_24' title='bbox 752 580 822 617; x_wconf 82' lang='lat'><strong>26.</strong></span> <span class='ocrx_word' id='word_1_25' title='bbox 851 574 951 617; x_wconf 71' lang='grc' dir='ltr'><strong><em>εἶδος</em></strong></span> <span class='ocrx_word' id='word_1_26' title='bbox 968 575 1010 616; x_wconf 75' lang='grc' dir='ltr'><strong>δὲ</strong></span> <span class='ocrx_word' id='word_1_27' title='bbox 1027 578 1118 618; x_wconf 69' lang='grc' dir='ltr'><strong>πῶς.</strong></span> 
     </span>
    </p>
   </div>
   <div class='ocr_carea' id='block_1_5' title="bbox 222 635 1123 3543">
    <p class='ocr_par' dir='ltr' id='par_1_5' title="bbox 222 635 1117 2725">
     <span class='ocr_line' id='line_1_6' title="bbox 224 635 1108 692; baseline 0.006 -15"><span class='ocrx_word' id='word_1_28' title='bbox 224 635 360 689; x_wconf 66' lang='grc' dir='ltr'><strong>φιλίας</strong></span> <span class='ocrx_word' id='word_1_29' title='bbox 378 637 464 678; x_wconf 73' lang='grc' dir='ltr'><strong>ἐστὶ</strong></span> <span class='ocrx_word' id='word_1_30' title='bbox 487 637 623 679; x_wconf 68' lang='grc' dir='ltr'>καὶτὸ</span> <span class='ocrx_word' id='word_1_31' title='bbox 649 638 940 692; x_wconf 76' lang='grc' dir='ltr'><strong><em>ἑρωτικὸν,8το.</em></strong></span> <span class='ocrx_word' id='word_1_32' title='bbox 1004 641 1108 681; x_wconf 84' lang='lat' dir='ltr'><strong>Plu-</strong></span> 
     </span>
     <span class='ocr_line' id='line_1_7' title="bbox 223 702 1108 758; baseline 0.003 -14"><span class='ocrx_word' id='word_1_33' title='bbox 223 703 399 744; x_wconf 69' lang='lat' dir='ltr'><strong>means</strong></span> <span class='ocrx_word' id='word_1_34' title='bbox 419 702 563 755; x_wconf 74' lang='grc' dir='ltr'><strong><em>ἃποφθ.</em></strong></span> <span class='ocrx_word' id='word_1_35' title='bbox 580 702 725 745; x_wconf 57' lang='lat' dir='ltr'><strong>Adaeum.</strong></span> <span class='ocrx_word' id='word_1_36' title='bbox 746 705 838 758; x_wconf 74' lang='grc' dir='ltr'><strong><em>ἐρᾷν</em></strong></span> <span class='ocrx_word' id='word_1_37' title='bbox 850 707 930 746; x_wconf 75' lang='grc' dir='ltr'><strong>τῶν</strong></span> <span class='ocrx_word' id='word_1_38' title='bbox 948 704 1022 753; x_wconf 75' lang='grc' dir='ltr'><strong>τὴν</strong></span> <span class='ocrx_word' id='word_1_39' title='bbox 1037 708 1108 758; x_wconf 77' lang='grc' dir='ltr'><strong>ψυ-</strong></span> 
     </span>
     <span class='ocr_line' id='line_1_8' title="bbox 223 763 1107 821; baseline 0.005 -16"><span class='ocrx_word' id='word_1_40' title='bbox 223 763 305 816; x_wconf 70' lang='grc' dir='ltr'><strong>χὴν</strong></span> <span class='ocrx_word' id='word_1_41' title='bbox 322 764 541 806; x_wconf 71' lang='grc' dir='ltr'><strong><em>σπουδαίων</em></strong></span> <span class='ocrx_word' id='word_1_42' title='bbox 555 766 700 808; x_wconf 75' lang='grc' dir='ltr'><strong><em>παίδων</em></strong></span> <span class='ocrx_word' id='word_1_43' title='bbox 714 767 860 821; x_wconf 61' lang='grc' dir='ltr'><strong>ἐφίετο,</strong></span> <span class='ocrx_word' id='word_1_44' title='bbox 877 767 927 809; x_wconf 73' lang='grc' dir='ltr'><strong>τὸ</strong></span> <span class='ocrx_word' id='word_1_45' title='bbox 944 767 988 809; x_wconf 71' lang='grc' dir='ltr'><strong>δὲ</strong></span> <span class='ocrx_word' id='word_1_46' title='bbox 1004 776 1107 818; x_wconf 71' lang='grc' dir='ltr'><strong>πλη·</strong></span> 
     </span>
     <span class='ocr_line' id='line_1_9' title="bbox 223 828 1109 884; baseline 0.006 -14"><span class='ocrx_word' id='word_1_47' title='bbox 223 828 377 883; x_wconf 69' lang='grc' dir='ltr'><strong>σιόζσιν</strong></span> <span class='ocrx_word' id='word_1_48' title='bbox 393 829 559 884; x_wconf 71' lang='grc' dir='ltr'><strong>αῖσχρὸν</strong></span> <span class='ocrx_word' id='word_1_49' title='bbox 574 832 792 883; x_wconf 72' lang='grc' dir='ltr'><strong><em>νενόμιστο,</em></strong></span> <span class='ocrx_word' id='word_1_50' title='bbox 815 834 867 874; x_wconf 76' lang='grc' dir='ltr'><strong>ὥς</strong></span> <span class='ocrx_word' id='word_1_51' title='bbox 891 835 964 874; x_wconf 82' lang='grc' dir='ltr'><strong>τοῦ</strong></span> <span class='ocrx_word' id='word_1_52' title='bbox 979 833 1109 884; x_wconf 67' lang='grc' dir='ltr'><strong><em>σάμα-</em></strong></span> 
     </span>
     <span class='ocr_line' id='line_1_10' title="bbox 222 893 1109 948; baseline 0.007 -16"><span class='ocrx_word' id='word_1_53' title='bbox 222 907 293 934; x_wconf 76' lang='grc' dir='ltr'><strong>τος</strong></span> <span class='ocrx_word' id='word_1_54' title='bbox 320 893 504 946; x_wconf 65' lang='grc' dir='ltr'><strong><em>ἐμόν-νας,</em></strong></span> <span class='ocrx_word' id='word_1_55' title='bbox 540 894 635 935; x_wconf 75' lang='grc' dir='ltr'>ἀλλ’</span> <span class='ocrx_word' id='word_1_56' title='bbox 660 895 706 936; x_wconf 78' lang='grc' dir='ltr'><strong>οὐ</strong></span> <span class='ocrx_word' id='word_1_57' title='bbox 734 898 807 945; x_wconf 74' lang='grc' dir='ltr'><strong>τῆς</strong></span> <span class='ocrx_word' id='word_1_58' title='bbox 833 899 979 948; x_wconf 73' lang='grc' dir='ltr'><strong><em>ψυχῆς,</em></strong></span> <span class='ocrx_word' id='word_1_59' title='bbox 1012 897 1035 937; x_wconf 79' lang='lat' dir='ltr'><strong>d</strong></span> <span class='ocrx_word' id='word_1_60' title='bbox 1064 895 1109 938; x_wconf 72' lang='grc' dir='ltr'><strong>δὲ</strong></span> 
     </span>
     <span class='ocr_line' id='line_1_11' title="bbox 223 956 1111 1014; baseline 0.003 -16"><span class='ocrx_word' id='word_1_61' title='bbox 223 956 432 1008; x_wconf 55' lang='lat' dir='ltr'><strong>brumosis</strong></span> <span class='ocrx_word' id='word_1_62' title='bbox 449 958 500 999; x_wconf 71' lang='grc' dir='ltr'><strong>ὣς</strong></span> <span class='ocrx_word' id='word_1_63' title='bbox 512 958 571 998; x_wconf 71' lang='grc' dir='ltr'><strong>ἐπ’</strong></span> <span class='ocrx_word' id='word_1_64' title='bbox 586 957 754 1014; x_wconf 66' lang='grc' dir='ltr'><strong>αἰσχύνῃ</strong></span> <span class='ocrx_word' id='word_1_65' title='bbox 771 959 1015 1013; x_wconf 69' lang='grc' dir='ltr'><strong><em>πλησιάζων,</em></strong></span> <span class='ocrx_word' id='word_1_66' title='bbox 1029 959 1111 1001; x_wconf 74' lang='grc' dir='ltr'>ἅτι-</span> 
     </span>
     <span class='ocr_line' id='line_1_12' title="bbox 223 1019 1111 1077; baseline 0.005 -16"><span class='ocrx_word' id='word_1_67' title='bbox 223 1033 297 1070; x_wconf 66' lang='lat' dir='ltr'><strong>uss</strong></span> <span class='ocrx_word' id='word_1_68' title='bbox 313 1019 377 1062; x_wconf 75' lang='grc' dir='ltr'><strong>διὰ</strong></span> <span class='ocrx_word' id='word_1_69' title='bbox 393 1019 483 1067; x_wconf 77' lang='grc' dir='ltr'><strong>βίον</strong></span> <span class='ocrx_word' id='word_1_70' title='bbox 498 1019 561 1070; x_wconf 76' lang='grc' dir='ltr'><strong>ἦν.</strong></span> <span class='ocrx_word' id='word_1_71' title='bbox 600 1022 830 1065; x_wconf 74' lang='lat' dir='ltr'><strong><em>Lambinus.</em></strong></span> <span class='ocrx_word' id='word_1_72' title='bbox 894 1023 1111 1077; x_wconf 84' lang='lat' dir='ltr'><strong>Suspicio·</strong></span> 
     </span>
     <span class='ocr_line' id='line_1_13' title="bbox 225 1083 1110 1138; baseline 0.002 -14"><span class='ocrx_word' id='word_1_73' title='bbox 225 1095 326 1124; x_wconf 89' lang='lat' dir='ltr'><strong>nem</strong></span> <span class='ocrx_word' id='word_1_74' title='bbox 360 1083 424 1124; x_wconf 90' lang='lat' dir='ltr'><strong>rei</strong></span> <span class='ocrx_word' id='word_1_75' title='bbox 457 1085 686 1126; x_wconf 78' lang='lat' dir='ltr'><strong>contrariae</strong></span> <span class='ocrx_word' id='word_1_76' title='bbox 718 1085 862 1138; x_wconf 82' lang='lat' dir='ltr'><strong>injicit</strong></span> <span class='ocrx_word' id='word_1_77' title='bbox 893 1086 1024 1127; x_wconf 86' lang='lat' dir='ltr'><strong>Plato</strong></span> <span class='ocrx_word' id='word_1_78' title='bbox 1063 1086 1110 1128; x_wconf 90' lang='lat' dir='ltr'><strong>in</strong></span> 
     </span>
     <span class='ocr_line' id='line_1_14' title="bbox 222 1146 1110 1201; baseline 0.003 -13"><span class='ocrx_word' id='word_1_79' title='bbox 222 1146 468 1199; x_wconf 81' lang='lat' dir='ltr'><strong>Symposio,</strong></span> <span class='ocrx_word' id='word_1_80' title='bbox 500 1146 714 1201; x_wconf 87' lang='lat' dir='ltr'><strong>inquiens,</strong></span> <span class='ocrx_word' id='word_1_81' title='bbox 749 1149 763 1172; x_wconf 83' lang='lat'><strong>‘</strong></span> <span class='ocrx_word' id='word_1_82' title='bbox 781 1148 993 1190; x_wconf 87' lang='lat' dir='ltr'><strong>Parentes</strong></span> <span class='ocrx_word' id='word_1_83' title='bbox 1023 1161 1110 1201; x_wconf 76' lang='lat' dir='ltr'><strong>pae·</strong></span> 
     </span>
     <span class='ocr_line' id='line_1_15' title="bbox 224 1208 1111 1264; baseline 0.005 -15"><span class='ocrx_word' id='word_1_84' title='bbox 224 1208 418 1262; x_wconf 81' lang='lat' dir='ltr'><strong>dagogiis</strong></span> <span class='ocrx_word' id='word_1_85' title='bbox 450 1208 564 1251; x_wconf 82' lang='lat' dir='ltr'><strong>tilios</strong></span> <span class='ocrx_word' id='word_1_86' title='bbox 599 1212 902 1253; x_wconf 86' lang='lat' dir='ltr'><strong>commendare</strong></span> <span class='ocrx_word' id='word_1_87' title='bbox 945 1212 1111 1264; x_wconf 87' lang='lat' dir='ltr'><strong>solitos,</strong></span> 
     </span>
     <span class='ocr_line' id='line_1_16' title="bbox 224 1271 1110 1328; baseline 0.005 -16"><span class='ocrx_word' id='word_1_88' title='bbox 224 1271 298 1325; x_wconf 79' lang='lat' dir='ltr'><strong>qui</strong></span> <span class='ocrx_word' id='word_1_89' title='bbox 314 1283 472 1324; x_wconf 85' lang='lat' dir='ltr'><strong>pueros</strong></span> <span class='ocrx_word' id='word_1_90' title='bbox 490 1277 657 1313; x_wconf 87' lang='lat' dir='ltr'><strong>amatos</strong></span> <span class='ocrx_word' id='word_1_91' title='bbox 686 1285 786 1314; x_wconf 92' lang='lat' dir='ltr'><strong>cum</strong></span> <span class='ocrx_word' id='word_1_92' title='bbox 804 1274 975 1316; x_wconf 89' lang='lat' dir='ltr'><strong>amasiis</strong></span> <span class='ocrx_word' id='word_1_93' title='bbox 991 1275 1110 1328; x_wconf 88' lang='lat' dir='ltr'><strong>loqui</strong></span> 
     </span>
     <span class='ocr_line' id='line_1_17' title="bbox 226 1333 1111 1392; baseline 0.006 -17"><span class='ocrx_word' id='word_1_94' title='bbox 226 1333 539 1387; x_wconf 64' lang='lat' dir='ltr'><strong>prohiberent?</strong></span> <span class='ocrx_word' id='word_1_95' title='bbox 594 1335 681 1378; x_wconf 87' lang='lat' dir='ltr'><strong>Sed</strong></span> <span class='ocrx_word' id='word_1_96' title='bbox 701 1337 924 1379; x_wconf 72' lang='lat' dir='ltr'>dissidium</span> <span class='ocrx_word' id='word_1_97' title='bbox 939 1338 975 1379; x_wconf 91' lang='lat' dir='ltr'><strong>si</strong></span> <span class='ocrx_word' id='word_1_98' title='bbox 995 1338 1111 1392; x_wconf 90' lang='lat' dir='ltr'><strong>quod</strong></span> 
     </span>
     <span class='ocr_line' id='line_1_18' title="bbox 225 1398 1111 1451; baseline 0.005 -12"><span class='ocrx_word' id='word_1_99' title='bbox 225 1398 489 1451; x_wconf 70' lang='lat' dir='ltr'><strong>suboriatur,</strong></span> <span class='ocrx_word' id='word_1_100' title='bbox 519 1401 584 1442; x_wconf 91' lang='lat' dir='ltr'><strong>ita</strong></span> <span class='ocrx_word' id='word_1_101' title='bbox 615 1400 835 1445; x_wconf 80' lang='lat' dir='ltr'>exturbes.</span> <span class='ocrx_word' id='word_1_102' title='bbox 901 1402 1039 1444; x_wconf 83' lang='lat' dir='ltr'>Laudi</span> <span class='ocrx_word' id='word_1_103' title='bbox 1066 1402 1111 1443; x_wconf 87' lang='lat' dir='ltr'><strong>in</strong></span> 
     </span>
     <span class='ocr_line' id='line_1_19' title="bbox 227 1463 1113 1520; baseline 0.005 -17"><span class='ocrx_word' id='word_1_104' title='bbox 227 1463 404 1504; x_wconf 64' lang='lat' dir='ltr'><strong>Gracia</strong></span> <span class='ocrx_word' id='word_1_105' title='bbox 423 1463 596 1505; x_wconf 79' lang='lat' dir='ltr'>ducitur</span> <span class='ocrx_word' id='word_1_106' title='bbox 611 1464 944 1508; x_wconf 72' lang='lat' dir='ltr'><strong>adolescentulis</strong></span> <span class='ocrx_word' id='word_1_107' title='bbox 969 1478 1113 1520; x_wconf 86' lang='lat' dir='ltr'><strong>quam-</strong></span> 
     </span>
     <span class='ocr_line' id='line_1_20' title="bbox 225 1525 1113 1584; baseline 0.003 -17"><span class='ocrx_word' id='word_1_108' title='bbox 225 1525 432 1579; x_wconf 84' lang='lat' dir='ltr'><strong>plurimos</strong></span> <span class='ocrx_word' id='word_1_109' title='bbox 449 1527 610 1569; x_wconf 80' lang='lat' dir='ltr'><strong>habere</strong></span> <span class='ocrx_word' id='word_1_110' title='bbox 626 1534 857 1582; x_wconf 90' lang='lat' dir='ltr'><strong>amatores,</strong></span> <span class='ocrx_word' id='word_1_111' title='bbox 875 1530 988 1584; x_wconf 88' lang='lat' dir='ltr'><strong>quod</strong></span> <span class='ocrx_word' id='word_1_112' title='bbox 1007 1531 1113 1570; x_wconf 89' lang='lat' dir='ltr'><strong>mul-</strong></span> 
     </span>
     <span class='ocr_line' id='line_1_21' title="bbox 225 1590 1114 1646; baseline 0.004 -15"><span class='ocrx_word' id='word_1_113' title='bbox 225 1590 283 1632; x_wconf 79' lang='lat' dir='ltr'><strong>tis</strong></span> <span class='ocrx_word' id='word_1_114' title='bbox 300 1602 447 1632; x_wconf 84' lang='lat' dir='ltr'><strong>eorum</strong></span> <span class='ocrx_word' id='word_1_115' title='bbox 461 1592 532 1633; x_wconf 84' lang='lat' dir='ltr'><strong>vel</strong></span> <span class='ocrx_word' id='word_1_116' title='bbox 548 1592 708 1644; x_wconf 84' lang='lat' dir='ltr'><strong>ingenii</strong></span> <span class='ocrx_word' id='word_1_117' title='bbox 722 1595 791 1634; x_wconf 84' lang='lat' dir='ltr'><strong>vel</strong></span> <span class='ocrx_word' id='word_1_118' title='bbox 808 1594 1000 1646; x_wconf 87' lang='lat' dir='ltr'><strong>corporis</strong></span> <span class='ocrx_word' id='word_1_119' title='bbox 1012 1605 1114 1635; x_wconf 83' lang='lat' dir='ltr'><strong>cou-</strong></span> 
     </span>
     <span class='ocr_line' id='line_1_22' title="bbox 224 1653 1114 1698; baseline 0.003 -4"><span class='ocrx_word' id='word_1_120' title='bbox 224 1654 390 1695; x_wconf 77' lang='lat' dir='ltr'><strong>stitutis</strong></span> <span class='ocrx_word' id='word_1_121' title='bbox 428 1653 761 1697; x_wconf 72' lang='lat' dir='ltr'><strong>admiratoribus</strong></span> <span class='ocrx_word' id='word_1_122' title='bbox 799 1661 847 1698; x_wconf 89' lang='lat' dir='ltr'><strong>et</strong></span> <span class='ocrx_word' id='word_1_123' title='bbox 877 1656 1114 1698; x_wconf 87' lang='lat' dir='ltr'><strong>cultoribus</strong></span> 
     </span>
     <span class='ocr_line' id='line_1_23' title="bbox 223 1718 1114 1774; baseline 0.001 -15"><span class='ocrx_word' id='word_1_124' title='bbox 223 1718 476 1770; x_wconf 85' lang='lat' dir='ltr'><strong>(multorum</strong></span> <span class='ocrx_word' id='word_1_125' title='bbox 497 1718 610 1759; x_wconf 86' lang='lat' dir='ltr'><strong>euim</strong></span> <span class='ocrx_word' id='word_1_126' title='bbox 628 1718 800 1761; x_wconf 81' lang='lat' dir='ltr'><strong>honesti</strong></span> <span class='ocrx_word' id='word_1_127' title='bbox 814 1720 1114 1774; x_wconf 87' lang='lat' dir='ltr'><strong>Socraticique</strong></span> 
     </span>
     <span class='ocr_line' id='line_1_24' title="bbox 225 1781 1116 1837; baseline 0.003 -16"><span class='ocrx_word' id='word_1_128' title='bbox 225 1781 369 1823; x_wconf 82' lang='lat' dir='ltr'><strong>habiti</strong></span> <span class='ocrx_word' id='word_1_129' title='bbox 401 1788 502 1823; x_wconf 87' lang='lat' dir='ltr'><strong>sunt</strong></span> <span class='ocrx_word' id='word_1_130' title='bbox 535 1781 722 1837; x_wconf 85' lang='lat' dir='ltr'><strong>amores)</strong></span> <span class='ocrx_word' id='word_1_131' title='bbox 762 1785 948 1826; x_wconf 79' lang='lat' dir='ltr'><strong>maxime</strong></span> <span class='ocrx_word' id='word_1_132' title='bbox 975 1785 1116 1825; x_wconf 82' lang='lat' dir='ltr'><strong>excel-</strong></span> 
     </span>
     <span class='ocr_line' id='line_1_25' title="bbox 225 1844 1113 1889; baseline 0.003 -3"><span class='ocrx_word' id='word_1_133' title='bbox 225 1844 321 1886; x_wconf 84' lang='lat' dir='ltr'><strong>lere</strong></span> <span class='ocrx_word' id='word_1_134' title='bbox 355 1845 623 1887; x_wconf 80' lang='lat' dir='ltr'><strong>viderentur.</strong></span> <span class='ocrx_word' id='word_1_135' title='bbox 677 1848 840 1888; x_wconf 86' lang='lat' dir='ltr'><strong>Verum</strong></span> <span class='ocrx_word' id='word_1_136' title='bbox 871 1861 968 1889; x_wconf 86' lang='lat' dir='ltr'><strong>cum</strong></span> <span class='ocrx_word' id='word_1_137' title='bbox 999 1847 1113 1889; x_wconf 89' lang='lat' dir='ltr'><strong>haud</strong></span> 
     </span>
     <span class='ocr_line' id='line_1_26' title="bbox 226 1907 1114 1963; baseline 0.003 -15"><span class='ocrx_word' id='word_1_138' title='bbox 226 1907 420 1960; x_wconf 78' lang='lat' dir='ltr'><strong>proclive</strong></span> <span class='ocrx_word' id='word_1_139' title='bbox 440 1908 720 1960; x_wconf 85' lang='lat' dir='ltr'><strong>esset,bonos</strong></span> <span class='ocrx_word' id='word_1_140' title='bbox 738 1916 952 1951; x_wconf 88' lang='lat' dir='ltr'><strong>amatores</strong></span> <span class='ocrx_word' id='word_1_141' title='bbox 968 1922 992 1950; x_wconf 88' lang='lat' dir='ltr'><strong>a</strong></span> <span class='ocrx_word' id='word_1_142' title='bbox 1014 1923 1114 1963; x_wconf 87' lang='lat' dir='ltr'><strong>pra-</strong></span> 
     </span>
     <span class='ocr_line' id='line_1_27' title="bbox 227 1970 1114 2026; baseline 0.005 -15"><span class='ocrx_word' id='word_1_143' title='bbox 227 1970 296 2011; x_wconf 76' lang='lat' dir='ltr'><strong>vis</strong></span> <span class='ocrx_word' id='word_1_144' title='bbox 309 1971 440 2023; x_wconf 80' lang='lat' dir='ltr'><strong>vulgo</strong></span> <span class='ocrx_word' id='word_1_145' title='bbox 459 1970 731 2023; x_wconf 70' lang='lat' dir='ltr'><strong>dignoscere,</strong></span> <span class='ocrx_word' id='word_1_146' title='bbox 751 1985 928 2026; x_wconf 85' lang='lat' dir='ltr'><strong>eamque</strong></span> <span class='ocrx_word' id='word_1_147' title='bbox 948 1974 1004 2015; x_wconf 90' lang='lat' dir='ltr'><strong>ob</strong></span> <span class='ocrx_word' id='word_1_148' title='bbox 1024 1985 1114 2014; x_wconf 89' lang='lat' dir='ltr'><strong>rem</strong></span> 
     </span>
     <span class='ocr_line' id='line_1_28' title="bbox 228 2034 1115 2087; baseline 0.001 -11"><span class='ocrx_word' id='word_1_149' title='bbox 228 2045 459 2086; x_wconf 64' lang='lat' dir='ltr'><strong>puerorum</strong></span> <span class='ocrx_word' id='word_1_150' title='bbox 479 2034 705 2087; x_wconf 88' lang='lat' dir='ltr'><strong>pudicitia,</strong></span> <span class='ocrx_word' id='word_1_151' title='bbox 723 2035 758 2075; x_wconf 91' lang='lat' dir='ltr'><strong>si</strong></span> <span class='ocrx_word' id='word_1_152' title='bbox 786 2047 883 2076; x_wconf 90' lang='lat' dir='ltr'><strong>cum</strong></span> <span class='ocrx_word' id='word_1_153' title='bbox 914 2037 1115 2077; x_wconf 85' lang='lat' dir='ltr'><strong>amatori-</strong></span> 
     </span>
     <span class='ocr_line' id='line_1_29' title="bbox 227 2097 1115 2151; baseline 0.001 -13"><span class='ocrx_word' id='word_1_154' title='bbox 227 2097 308 2138; x_wconf 84' lang='lat' dir='ltr'><strong>bus</strong></span> <span class='ocrx_word' id='word_1_155' title='bbox 335 2097 526 2151; x_wconf 73' lang='lat' dir='ltr'><strong>colloqui</strong></span> <span class='ocrx_word' id='word_1_156' title='bbox 557 2098 928 2150; x_wconf 86' lang='lat' dir='ltr'><strong>permitterentur,</strong></span> <span class='ocrx_word' id='word_1_157' title='bbox 954 2099 999 2139; x_wconf 89' lang='lat' dir='ltr'><strong>in</strong></span> <span class='ocrx_word' id='word_1_158' title='bbox 1028 2098 1115 2139; x_wconf 88' lang='lat' dir='ltr'><strong>dis·</strong></span> 
     </span>
     <span class='ocr_line' id='line_1_30' title="bbox 229 2160 1113 2211; baseline 0 -8"><span class='ocrx_word' id='word_1_159' title='bbox 229 2160 396 2203; x_wconf 78' lang='lat' dir='ltr'><strong>crimen</strong></span> <span class='ocrx_word' id='word_1_160' title='bbox 411 2167 670 2211; x_wconf 82' lang='lat' dir='ltr'><strong>vocaretur3</strong></span> <span class='ocrx_word' id='word_1_161' title='bbox 702 2161 888 2202; x_wconf 82' lang='lat' dir='ltr'><strong>adhibiti</strong></span> <span class='ocrx_word' id='word_1_162' title='bbox 899 2166 1000 2203; x_wconf 85' lang='lat' dir='ltr'><strong>sunt</strong></span> <span class='ocrx_word' id='word_1_163' title='bbox 1017 2174 1113 2204; x_wconf 87' lang='lat' dir='ltr'><strong>cus-</strong></span> 
     </span>
     <span class='ocr_line' id='line_1_31' title="bbox 230 2222 1111 2276; baseline 0.003 -14"><span class='ocrx_word' id='word_1_164' title='bbox 230 2222 370 2273; x_wconf 76' lang='lat' dir='ltr'><strong>tudes,</strong></span> <span class='ocrx_word' id='word_1_165' title='bbox 405 2223 479 2276; x_wconf 88' lang='lat' dir='ltr'><strong>qui</strong></span> <span class='ocrx_word' id='word_1_166' title='bbox 520 2222 835 2275; x_wconf 88' lang='lat' dir='ltr'><strong>impudicorum</strong></span> <span class='ocrx_word' id='word_1_167' title='bbox 875 2230 1111 2266; x_wconf 84' lang='lat' dir='ltr'><strong>amatorum</strong></span> 
     </span>
     <span class='ocr_line' id='line_1_32' title="bbox 228 2285 1114 2340; baseline -0.001 -10"><span class='ocrx_word' id='word_1_168' title='bbox 228 2285 480 2330; x_wconf 81' lang='lat' dir='ltr'><strong>libidinibus</strong></span> <span class='ocrx_word' id='word_1_169' title='bbox 516 2287 629 2328; x_wconf 81' lang='lat' dir='ltr'><strong>viam</strong></span> <span class='ocrx_word' id='word_1_170' title='bbox 668 2288 970 2340; x_wconf 71' lang='lat' dir='ltr'><strong>praeciderent.</strong></span> <span class='ocrx_word' id='word_1_171' title='bbox 1043 2289 1114 2330; x_wconf 85' lang='lat' dir='ltr'><strong>Sic</strong></span> 
     </span>
     <span class='ocr_line' id='line_1_33' title="bbox 230 2351 1112 2394; baseline 0.001 -3"><span class='ocrx_word' id='word_1_172' title='bbox 230 2351 340 2392; x_wconf 78' lang='lat' dir='ltr'><strong>etin</strong></span> <span class='ocrx_word' id='word_1_173' title='bbox 357 2351 504 2392; x_wconf 87' lang='lat' dir='ltr'><strong>multis</strong></span> <span class='ocrx_word' id='word_1_174' title='bbox 524 2351 662 2392; x_wconf 79' lang='lat' dir='ltr'><strong>Italiae</strong></span> <span class='ocrx_word' id='word_1_175' title='bbox 682 2352 859 2393; x_wconf 84' lang='lat' dir='ltr'><strong>urbibus</strong></span> <span class='ocrx_word' id='word_1_176' title='bbox 888 2352 1112 2394; x_wconf 87' lang='lat' dir='ltr'><strong>honestum</strong></span> 
     </span>
     <span class='ocr_line' id='line_1_34' title="bbox 230 2415 1113 2469; baseline 0.001 -13"><span class='ocrx_word' id='word_1_177' title='bbox 230 2427 282 2457; x_wconf 87' lang='lat' dir='ltr'><strong>ac</strong></span> <span class='ocrx_word' id='word_1_178' title='bbox 314 2415 532 2457; x_wconf 89' lang='lat' dir='ltr'><strong>laudabile</strong></span> <span class='ocrx_word' id='word_1_179' title='bbox 571 2421 642 2457; x_wconf 90' lang='lat' dir='ltr'><strong>est</strong></span> <span class='ocrx_word' id='word_1_180' title='bbox 667 2416 824 2468; x_wconf 78' lang='lat' dir='ltr'><strong>puellis</strong></span> <span class='ocrx_word' id='word_1_181' title='bbox 856 2418 1113 2469; x_wconf 87' lang='lat' dir='ltr'><strong>quampluri-</strong></span> 
     </span>
     <span class='ocr_line' id='line_1_35' title="bbox 229 2477 1115 2532; baseline 0.001 -14"><span class='ocrx_word' id='word_1_182' title='bbox 229 2489 321 2519; x_wconf 91' lang='lat' dir='ltr'><strong>mos</strong></span> <span class='ocrx_word' id='word_1_183' title='bbox 355 2477 518 2519; x_wconf 86' lang='lat' dir='ltr'><strong>habere</strong></span> <span class='ocrx_word' id='word_1_184' title='bbox 558 2483 787 2530; x_wconf 87' lang='lat' dir='ltr'><strong>amatores,</strong></span> <span class='ocrx_word' id='word_1_185' title='bbox 820 2478 981 2532; x_wconf 86' lang='lat' dir='ltr'><strong>quippe</strong></span> <span class='ocrx_word' id='word_1_186' title='bbox 1017 2491 1115 2519; x_wconf 90' lang='lat' dir='ltr'><strong>cum</strong></span> 
     </span>
     <span class='ocr_line' id='line_1_36' title="bbox 228 2541 1116 2595; baseline -0.003 -10"><span class='ocrx_word' id='word_1_187' title='bbox 228 2541 311 2585; x_wconf 77' lang='lat' dir='ltr'><strong>hoc</strong></span> <span class='ocrx_word' id='word_1_188' title='bbox 329 2542 502 2583; x_wconf 83' lang='lat' dir='ltr'><strong>nomine</strong></span> <span class='ocrx_word' id='word_1_189' title='bbox 534 2541 833 2595; x_wconf 80' lang='lat' dir='ltr'><strong>pulcherrimas</strong></span> <span class='ocrx_word' id='word_1_190' title='bbox 865 2542 1116 2584; x_wconf 84' lang='lat' dir='ltr'><strong>existimen-</strong></span> 
     </span>
     <span class='ocr_line' id='line_1_37' title="bbox 231 2604 1117 2656; baseline 0.001 -10"><span class='ocrx_word' id='word_1_191' title='bbox 231 2610 319 2646; x_wconf 74' lang='lat' dir='ltr'><strong>tur.</strong></span> <span class='ocrx_word' id='word_1_192' title='bbox 346 2605 528 2656; x_wconf 67' lang='lat' dir='ltr'><strong>Magius.</strong></span> <span class='ocrx_word' id='word_1_193' title='bbox 582 2604 694 2646; x_wconf 83' lang='lat' dir='ltr'><strong>Rem</strong></span> <span class='ocrx_word' id='word_1_194' title='bbox 711 2604 953 2646; x_wconf 74' lang='lat' dir='ltr'><strong>Alcibiadis</strong></span> <span class='ocrx_word' id='word_1_195' title='bbox 970 2617 1117 2647; x_wconf 80' lang='lat' dir='ltr'><strong>exem-</strong></span> 
     </span>
     <span class='ocr_line' id='line_1_38' title="bbox 229 2667 900 2725; baseline 0 -15"><span class='ocrx_word' id='word_1_196' title='bbox 229 2667 431 2725; x_wconf 76' lang='lat' dir='ltr'><strong>plo-infra</strong></span> <span class='ocrx_word' id='word_1_197' title='bbox 450 2668 718 2709; x_wconf 83' lang='lat' dir='ltr'><strong>demonstrat</strong></span> <span class='ocrx_word' id='word_1_198' title='bbox 734 2669 900 2721; x_wconf 85' lang='lat' dir='ltr'><strong>Nepos.</strong></span> 
     </span>
    </p>

    <p class='ocr_par' dir='ltr' id='par_1_6' title="bbox 231 2733 1123 3543">
     <span class='ocr_line' id='line_1_39' title="bbox 243 2733 1117 2786; baseline 0.001 -12"><span class='ocrx_word' id='word_1_199' title='bbox 243 2758 247 2765; x_wconf 89' lang='lat'><em>-</em></span> <span class='ocrx_word' id='word_1_200' title='bbox 267 2744 271 2749; x_wconf 64' lang='lat'>‘</span> <span class='ocrx_word' id='word_1_201' title='bbox 284 2733 413 2774; x_wconf 78' lang='lat' dir='ltr'><strong>Nulla</strong></span> <span class='ocrx_word' id='word_1_202' title='bbox 428 2733 720 2786; x_wconf 66' lang='lat' dir='ltr'><strong>Loeedoemoni]</strong></span> <span class='ocrx_word' id='word_1_203' title='bbox 742 2733 979 2786; x_wconf 85' lang='lat' dir='ltr'><strong>Dionysius</strong></span> <span class='ocrx_word' id='word_1_204' title='bbox 994 2735 1117 2775; x_wconf 83' lang='lat' dir='ltr'><strong>Lam·</strong></span> 
     </span>
     <span class='ocr_line' id='line_1_40' title="bbox 232 2797 1118 2850; baseline 0 -11"><span class='ocrx_word' id='word_1_205' title='bbox 232 2797 374 2849; x_wconf 87' lang='lat' dir='ltr'><strong>binus,</strong></span> <span class='ocrx_word' id='word_1_206' title='bbox 389 2797 525 2849; x_wconf 81' lang='lat' dir='ltr'><strong>magis</strong></span> <span class='ocrx_word' id='word_1_207' title='bbox 543 2797 599 2838; x_wconf 92' lang='lat' dir='ltr'><strong>de</strong></span> <span class='ocrx_word' id='word_1_208' title='bbox 614 2797 845 2850; x_wconf 86' lang='lat' dir='ltr'><strong>Scriptoris</strong></span> <span class='ocrx_word' id='word_1_209' title='bbox 859 2797 984 2850; x_wconf 86' lang='lat' dir='ltr'><strong>hujus</strong></span> <span class='ocrx_word' id='word_1_210' title='bbox 1000 2798 1118 2839; x_wconf 88' lang='lat' dir='ltr'><strong>illus-</strong></span> 
     </span>
     <span class='ocr_line' id='line_1_41' title="bbox 232 2858 1118 2914; baseline 0.003 -15"><span class='ocrx_word' id='word_1_211' title='bbox 232 2858 390 2900; x_wconf 80' lang='lat' dir='ltr'><strong>trando</strong></span> <span class='ocrx_word' id='word_1_212' title='bbox 420 2866 686 2912; x_wconf 84' lang='lat' dir='ltr'><strong>argumento,</strong></span> <span class='ocrx_word' id='word_1_213' title='bbox 721 2873 846 2914; x_wconf 84' lang='lat' dir='ltr'><strong>quam</strong></span> <span class='ocrx_word' id='word_1_214' title='bbox 877 2861 1118 2903; x_wconf 88' lang='lat' dir='ltr'><strong>rectissima</strong></span> 
     </span>
     <span class='ocr_line' id='line_1_42' title="bbox 232 2921 1117 2976; baseline 0.001 -13"><span class='ocrx_word' id='word_1_215' title='bbox 232 2921 423 2964; x_wconf 85' lang='lat' dir='ltr'><strong>lectione</strong></span> <span class='ocrx_word' id='word_1_216' title='bbox 440 2928 488 2963; x_wconf 87' lang='lat' dir='ltr'><strong>et</strong></span> <span class='ocrx_word' id='word_1_217' title='bbox 507 2922 771 2975; x_wconf 80' lang='lat' dir='ltr'><strong>conjecturis</strong></span> <span class='ocrx_word' id='word_1_218' title='bbox 797 2924 992 2976; x_wconf 79' lang='lat' dir='ltr'><strong>meritus,</strong></span> <span class='ocrx_word' id='word_1_219' title='bbox 1013 2924 1117 2966; x_wconf 83' lang='lat' dir='ltr'><strong>scri-</strong></span> 
     </span>
     <span class='ocr_line' id='line_1_43' title="bbox 234 2984 1116 3041; baseline 0.003 -17"><span class='ocrx_word' id='word_1_220' title='bbox 234 2985 300 3025; x_wconf 86' lang='lat' dir='ltr'><strong>bit</strong></span> <span class='ocrx_word' id='word_1_221' title='bbox 317 2984 372 3025; x_wconf 89' lang='lat' dir='ltr'><strong>ad</strong></span> <span class='ocrx_word' id='word_1_222' title='bbox 402 2985 516 3026; x_wconf 87' lang='lat' dir='ltr'><strong>hunc</strong></span> <span class='ocrx_word' id='word_1_223' title='bbox 547 2986 703 3038; x_wconf 87' lang='lat' dir='ltr'><strong>locum,</strong></span> <span class='ocrx_word' id='word_1_224' title='bbox 718 2987 988 3028; x_wconf 76' lang='lat' dir='ltr'><strong>Lacedaemom·</strong></span> <span class='ocrx_word' id='word_1_225' title='bbox 1013 2987 1116 3041; x_wconf 89' lang='lat' dir='ltr'><strong>poni</strong></span> 
     </span>
     <span class='ocr_line' id='line_1_44' title="bbox 233 3047 1123 3103; baseline 0.006 -16"><span class='ocrx_word' id='word_1_226' title='bbox 233 3047 556 3098; x_wconf 76' lang='lat' dir='ltr'><strong>adverbialiter,</strong></span> <span class='ocrx_word' id='word_1_227' title='bbox 589 3048 664 3103; x_wconf 85' lang='lat' dir='ltr'><strong>(ad</strong></span> <span class='ocrx_word' id='word_1_228' title='bbox 706 3050 830 3103; x_wconf 82' lang='lat' dir='ltr'><strong>cujus</strong></span> <span class='ocrx_word' id='word_1_229' title='bbox 858 3052 1123 3092; x_wconf 84' lang='lat' dir='ltr'><strong>sententiam</strong></span> 
     </span>
     <span class='ocr_line' id='line_1_45' title="bbox 234 3111 1117 3167; baseline 0.003 -16"><span class='ocrx_word' id='word_1_230' title='bbox 234 3111 368 3164; x_wconf 80' lang='lat' dir='ltr'><strong>magis</strong></span> <span class='ocrx_word' id='word_1_231' title='bbox 388 3112 516 3154; x_wconf 88' lang='lat' dir='ltr'><strong>etiam</strong></span> <span class='ocrx_word' id='word_1_232' title='bbox 531 3111 783 3153; x_wconf 86' lang='lat' dir='ltr'><strong>Buchnerus</strong></span> <span class='ocrx_word' id='word_1_233' title='bbox 801 3112 1003 3167; x_wconf 82' lang='lat' dir='ltr'><strong>inclinat)</strong></span> <span class='ocrx_word' id='word_1_234' title='bbox 1015 3125 1117 3167; x_wconf 88' lang='lat' dir='ltr'><strong>qua·</strong></span> 
     </span>
     <span class='ocr_line' id='line_1_46' title="bbox 235 3175 1118 3228; baseline 0.002 -12"><span class='ocrx_word' id='word_1_235' title='bbox 235 3175 270 3216; x_wconf 91' lang='lat' dir='ltr'><strong>si</strong></span> <span class='ocrx_word' id='word_1_236' title='bbox 298 3175 528 3228; x_wconf 82' lang='lat' dir='ltr'><strong>quicquam</strong></span> <span class='ocrx_word' id='word_1_237' title='bbox 560 3175 785 3227; x_wconf 86' lang='lat' dir='ltr'><strong>prohibeat</strong></span> <span class='ocrx_word' id='word_1_238' title='bbox 826 3188 918 3217; x_wconf 80' lang='lat' dir='ltr'><strong>esse</strong></span> <span class='ocrx_word' id='word_1_239' title='bbox 948 3188 1118 3218; x_wconf 87' lang='lat' dir='ltr'><strong>nomen.</strong></span> 
     </span>
     <span class='ocr_line' id='line_1_47' title="bbox 234 3238 1118 3291; baseline 0 -11"><span class='ocrx_word' id='word_1_240' title='bbox 234 3239 293 3280; x_wconf 85' lang='lat' dir='ltr'><strong>Et</strong></span> <span class='ocrx_word' id='word_1_241' title='bbox 313 3250 542 3291; x_wconf 79' lang='lat' dir='ltr'><strong>perperam</strong></span> <span class='ocrx_word' id='word_1_242' title='bbox 576 3250 602 3278; x_wconf 88' lang='lat' dir='ltr'><strong>a</strong></span> <span class='ocrx_word' id='word_1_243' title='bbox 631 3238 783 3280; x_wconf 88' lang='lat' dir='ltr'><strong>Servio</strong></span> <span class='ocrx_word' id='word_1_244' title='bbox 815 3239 1022 3281; x_wconf 85' lang='lat' dir='ltr'><strong>statuitur</strong></span> <span class='ocrx_word' id='word_1_245' title='bbox 1042 3251 1118 3280; x_wconf 89' lang='lat' dir='ltr'><strong>an-</strong></span> 
     </span>
     <span class='ocr_line' id='line_1_48' title="bbox 231 3300 1113 3353; baseline 0.001 -12"><span class='ocrx_word' id='word_1_246' title='bbox 231 3300 406 3353; x_wconf 74' lang='lat' dir='ltr'><strong>tiptosis</strong></span> <span class='ocrx_word' id='word_1_247' title='bbox 426 3312 599 3340; x_wconf 84' lang='lat' dir='ltr'><strong>casuum</strong></span> <span class='ocrx_word' id='word_1_248' title='bbox 621 3300 665 3341; x_wconf 86' lang='lat' dir='ltr'><strong>in</strong></span> <span class='ocrx_word' id='word_1_249' title='bbox 683 3300 889 3353; x_wconf 89' lang='lat' dir='ltr'><strong>illis,cum</strong></span> <span class='ocrx_word' id='word_1_250' title='bbox 910 3301 1113 3342; x_wconf 78' lang='lat' dir='ltr'><strong>dicimus:</strong></span> 
     </span>
     <span class='ocr_line' id='line_1_49' title="bbox 236 3362 1121 3415; baseline -0.001 -11"><span class='ocrx_word' id='word_1_251' title='bbox 236 3365 249 3387; x_wconf 91' lang='lat'>‘</span> <span class='ocrx_word' id='word_1_252' title='bbox 270 3365 378 3404; x_wconf 86' lang='lat' dir='ltr'><strong>Esse</strong></span> <span class='ocrx_word' id='word_1_253' title='bbox 413 3362 693 3415; x_wconf 68' lang='lat' dir='ltr'><strong>Carthagini:</strong></span> <span class='ocrx_word' id='word_1_254' title='bbox 735 3365 747 3387; x_wconf 83' lang='lat'>‘</span> <span class='ocrx_word' id='word_1_255' title='bbox 770 3363 970 3415; x_wconf 80' lang='lat' dir='ltr'><strong>Sicyoni,&#39;</strong></span> <span class='ocrx_word' id='word_1_256' title='bbox 1007 3363 1020 3385; x_wconf 90' lang='lat'>‘</span> <span class='ocrx_word' id='word_1_257' title='bbox 1040 3364 1121 3403; x_wconf 85' lang='lat' dir='ltr'><strong>La·</strong></span> 
     </span>
     <span class='ocr_line' id='line_1_50' title="bbox 238 3425 1120 3468; baseline -0.002 -2"><span class='ocrx_word' id='word_1_258' title='bbox 238 3426 515 3468; x_wconf 76' lang='lat' dir='ltr'><strong>eedaemoni:’</strong></span> <span class='ocrx_word' id='word_1_259' title='bbox 559 3438 656 3466; x_wconf 87' lang='lat' dir='ltr'><strong>cum</strong></span> <span class='ocrx_word' id='word_1_260' title='bbox 689 3436 842 3466; x_wconf 78' lang='lat' dir='ltr'><strong>revera</strong></span> <span class='ocrx_word' id='word_1_261' title='bbox 870 3425 913 3464; x_wconf 85' lang='lat' dir='ltr'><strong>hi</strong></span> <span class='ocrx_word' id='word_1_262' title='bbox 941 3425 1120 3466; x_wconf 79' lang='lat' dir='ltr'><strong>ablativi</strong></span> 
     </span>
     <span class='ocr_line' id='line_1_51' title="bbox 240 3488 1123 3543; baseline -0.001 -14"><span class='ocrx_word' id='word_1_263' title='bbox 240 3489 340 3542; x_wconf 88' lang='lat' dir='ltr'><strong>siut,</strong></span> <span class='ocrx_word' id='word_1_264' title='bbox 370 3501 487 3530; x_wconf 87' lang='lat' dir='ltr'><strong>more</strong></span> <span class='ocrx_word' id='word_1_265' title='bbox 519 3489 699 3543; x_wconf 82' lang='lat' dir='ltr'><strong>antiquo</strong></span> <span class='ocrx_word' id='word_1_266' title='bbox 732 3488 980 3530; x_wconf 78' lang='lat' dir='ltr'><strong>desinentes</strong></span> <span class='ocrx_word' id='word_1_267' title='bbox 1020 3489 1062 3529; x_wconf 87' lang='lat' dir='ltr'><strong>in</strong></span> <span class='ocrx_word' id='word_1_268' title='bbox 1091 3489 1123 3539; x_wconf 79' lang='lat' dir='ltr'><strong>i,</strong></span> 
     </span>
    </p>
   </div>
   <div class='ocr_carea' id='block_1_6' title="bbox 1941 262 2050 315">
    <p class='ocr_par' dir='ltr' id='par_1_7' title="bbox 1941 262 2050 315">
     <span class='ocr_line' id='line_1_52' title="bbox 1941 262 2050 315; baseline 0.018 -2"><span class='ocrx_word' id='word_1_269' title='bbox 1941 262 2050 315; x_wconf 79' lang='lat'><strong>403</strong></span> 
     </span>
    </p>
   </div>
   <div class='ocr_carea' id='block_1_7' title="bbox 1168 387 2072 3531">
    <p class='ocr_par' dir='ltr' id='par_1_8' title="bbox 1168 387 2072 3531">
     <span class='ocr_line' id='line_1_53' title="bbox 1169 387 2051 443; baseline -0.001 -11"><span class='ocrx_word' id='word_1_270' title='bbox 1169 389 1524 443; x_wconf 75' lang='lat' dir='ltr'><strong>quemadmodum</strong></span> <span class='ocrx_word' id='word_1_271' title='bbox 1551 389 1595 430; x_wconf 90' lang='lat' dir='ltr'><strong>in</strong></span> <span class='ocrx_word' id='word_1_272' title='bbox 1621 388 1635 412; x_wconf 89' lang='lat'>‘</span> <span class='ocrx_word' id='word_1_273' title='bbox 1654 388 1773 441; x_wconf 89' lang='lat' dir='ltr'><strong>ruri,’</strong></span> <span class='ocrx_word' id='word_1_274' title='bbox 1798 388 1812 412; x_wconf 76' lang='lat'><strong><em>⁴</em></strong></span> <span class='ocrx_word' id='word_1_275' title='bbox 1829 387 2051 431; x_wconf 87' lang='lat' dir='ltr'><strong>Acheron·</strong></span> 
     </span>
     <span class='ocr_line' id='line_1_54' title="bbox 1168 451 2050 506; baseline 0 -12"><span class='ocrx_word' id='word_1_276' title='bbox 1168 452 1235 505; x_wconf 70' lang='lat' dir='ltr'><strong>ti:</strong></span> <span class='ocrx_word' id='word_1_277' title='bbox 1272 459 1318 494; x_wconf 87' lang='lat' dir='ltr'><strong>et</strong></span> <span class='ocrx_word' id='word_1_278' title='bbox 1355 453 1466 504; x_wconf 88' lang='lat' dir='ltr'><strong>aliis,</strong></span> <span class='ocrx_word' id='word_1_279' title='bbox 1495 452 1552 493; x_wconf 88' lang='lat' dir='ltr'><strong>de</strong></span> <span class='ocrx_word' id='word_1_280' title='bbox 1588 451 1742 505; x_wconf 87' lang='lat' dir='ltr'><strong>quibus</strong></span> <span class='ocrx_word' id='word_1_281' title='bbox 1771 464 1826 493; x_wconf 80' lang='lat' dir='ltr'><strong>ex</strong></span> <span class='ocrx_word' id='word_1_282' title='bbox 1857 451 2050 506; x_wconf 82' lang='lat' dir='ltr'><strong>professo</strong></span> 
     </span>
     <span class='ocr_line' id='line_1_55' title="bbox 1169 516 2051 563; baseline 0.003 -8"><span class='ocrx_word' id='word_1_283' title='bbox 1169 516 1292 558; x_wconf 85' lang='lat' dir='ltr'><strong>Voss.</strong></span> <span class='ocrx_word' id='word_1_284' title='bbox 1310 516 1384 558; x_wconf 87' lang='lat' dir='ltr'><strong>lib.</strong></span> <span class='ocrx_word' id='word_1_285' title='bbox 1403 516 1457 556; x_wconf 90' lang='lat' dir='ltr'><strong>de</strong></span> <span class='ocrx_word' id='word_1_286' title='bbox 1477 520 1713 557; x_wconf 85' lang='lat' dir='ltr'><strong>construet.</strong></span> <span class='ocrx_word' id='word_1_287' title='bbox 1732 528 1771 556; x_wconf 87' lang='lat' dir='ltr'><strong>c.</strong></span> <span class='ocrx_word' id='word_1_288' title='bbox 1791 519 1877 557; x_wconf 70' lang='lat'><strong>46..</strong></span> <span class='ocrx_word' id='word_1_289' title='bbox 1895 517 2051 563; x_wconf 69' lang='lat' dir='ltr'><strong>Kench-</strong></span> 
     </span>
     <span class='ocr_line' id='line_1_56' title="bbox 1168 579 2054 631; baseline 0 -12"><span class='ocrx_word' id='word_1_290' title='bbox 1168 579 1321 620; x_wconf 87' lang='lat' dir='ltr'><strong>Vetita</strong></span> <span class='ocrx_word' id='word_1_291' title='bbox 1335 585 1476 620; x_wconf 89' lang='lat' dir='ltr'><strong>tamen</strong></span> <span class='ocrx_word' id='word_1_292' title='bbox 1490 579 1656 631; x_wconf 90' lang='lat' dir='ltr'><strong>legibus</strong></span> <span class='ocrx_word' id='word_1_293' title='bbox 1675 579 1863 630; x_wconf 82' lang='lat' dir='ltr'><strong>Lycurgi</strong></span> <span class='ocrx_word' id='word_1_294' title='bbox 1881 580 2054 620; x_wconf 82' lang='lat' dir='ltr'><strong>scenica</strong></span> 
     </span>
     <span class='ocr_line' id='line_1_57' title="bbox 1168 641 2053 696; baseline 0.002 -15"><span class='ocrx_word' id='word_1_295' title='bbox 1168 644 1432 696; x_wconf 84' lang='lat' dir='ltr'><strong>spectacula,</strong></span> <span class='ocrx_word' id='word_1_296' title='bbox 1449 642 1525 684; x_wconf 91' lang='lat' dir='ltr'><strong>sed</strong></span> <span class='ocrx_word' id='word_1_297' title='bbox 1544 654 1627 683; x_wconf 90' lang='lat' dir='ltr'><strong>non</strong></span> <span class='ocrx_word' id='word_1_298' title='bbox 1641 641 1923 695; x_wconf 86' lang='lat' dir='ltr'><strong>ignorandum</strong></span> <span class='ocrx_word' id='word_1_299' title='bbox 1937 643 2053 696; x_wconf 82' lang='lat' dir='ltr'><strong>quod</strong></span> 
     </span>
     <span class='ocr_line' id='line_1_58' title="bbox 1171 706 2052 759; baseline 0 -13"><span class='ocrx_word' id='word_1_300' title='bbox 1171 706 1394 748; x_wconf 80' lang='lat' dir='ltr'><strong>Plutarch.</strong></span> <span class='ocrx_word' id='word_1_301' title='bbox 1429 707 1474 747; x_wconf 90' lang='lat' dir='ltr'><strong>in</strong></span> <span class='ocrx_word' id='word_1_302' title='bbox 1511 707 1710 759; x_wconf 82' lang='lat' dir='ltr'><strong>Lycurgo</strong></span> <span class='ocrx_word' id='word_1_303' title='bbox 1752 710 1798 746; x_wconf 84' lang='lat' dir='ltr'><strong>et</strong></span> <span class='ocrx_word' id='word_1_304' title='bbox 1834 706 2052 747; x_wconf 85' lang='lat' dir='ltr'><strong>Laconum</strong></span> 
     </span>
     <span class='ocr_line' id='line_1_59' title="bbox 1170 767 2055 821; baseline 0.001 -13"><span class='ocrx_word' id='word_1_305' title='bbox 1170 769 1269 810; x_wconf 90' lang='lat' dir='ltr'><strong>inst.</strong></span> <span class='ocrx_word' id='word_1_306' title='bbox 1304 768 1518 813; x_wconf 70' lang='lat' dir='ltr'><strong>memorie</strong></span> <span class='ocrx_word' id='word_1_307' title='bbox 1551 767 1758 821; x_wconf 86' lang='lat' dir='ltr'><strong>prodidit,</strong></span> <span class='ocrx_word' id='word_1_308' title='bbox 1789 768 1976 820; x_wconf 84' lang='lat' dir='ltr'><strong>Lycurgi</strong></span> <span class='ocrx_word' id='word_1_309' title='bbox 1995 769 2055 809; x_wconf 85' lang='lat' dir='ltr'><strong>lc-</strong></span> 
     </span>
     <span class='ocr_line' id='line_1_60' title="bbox 1170 832 2055 886; baseline 0 -13"><span class='ocrx_word' id='word_1_310' title='bbox 1170 844 1263 886; x_wconf 87' lang='lat' dir='ltr'><strong>ges,</strong></span> <span class='ocrx_word' id='word_1_311' title='bbox 1275 845 1374 874; x_wconf 90' lang='lat' dir='ltr'><strong>cum</strong></span> <span class='ocrx_word' id='word_1_312' title='bbox 1387 833 1557 886; x_wconf 83' lang='lat' dir='ltr'><strong>Spartae</strong></span> <span class='ocrx_word' id='word_1_313' title='bbox 1572 832 1625 873; x_wconf 84' lang='lat' dir='ltr'><strong>ad</strong></span> <span class='ocrx_word' id='word_1_314' title='bbox 1643 832 1901 886; x_wconf 87' lang='lat' dir='ltr'><strong>quingentos</strong></span> <span class='ocrx_word' id='word_1_315' title='bbox 1916 843 2055 884; x_wconf 79' lang='lat' dir='ltr'><strong>usque</strong></span> 
     </span>
     <span class='ocr_line' id='line_1_61' title="bbox 1170 894 2053 949; baseline -0.003 -12"><span class='ocrx_word' id='word_1_316' title='bbox 1170 908 1304 937; x_wconf 86' lang='lat' dir='ltr'><strong>annos</strong></span> <span class='ocrx_word' id='word_1_317' title='bbox 1327 896 1652 949; x_wconf 80' lang='lat' dir='ltr'><strong>perdurassent,</strong></span> <span class='ocrx_word' id='word_1_318' title='bbox 1669 907 1769 935; x_wconf 84' lang='lat' dir='ltr'><strong>mox</strong></span> <span class='ocrx_word' id='word_1_319' title='bbox 1788 895 1831 934; x_wconf 89' lang='lat' dir='ltr'><strong>in</strong></span> <span class='ocrx_word' id='word_1_320' title='bbox 1850 894 2053 936; x_wconf 83' lang='lat' dir='ltr'><strong>desuetu-</strong></span> 
     </span>
     <span class='ocr_line' id='line_1_62' title="bbox 1170 957 2053 1011; baseline -0.001 -12"><span class='ocrx_word' id='word_1_321' title='bbox 1170 959 1315 1000; x_wconf 85' lang='lat' dir='ltr'><strong>dinem</strong></span> <span class='ocrx_word' id='word_1_322' title='bbox 1334 957 1476 1011; x_wconf 89' lang='lat' dir='ltr'><strong>Agide</strong></span> <span class='ocrx_word' id='word_1_323' title='bbox 1495 962 1705 1010; x_wconf 85' lang='lat' dir='ltr'><strong>regnante</strong></span> <span class='ocrx_word' id='word_1_324' title='bbox 1720 957 1840 998; x_wconf 88' lang='lat' dir='ltr'><strong>abire</strong></span> <span class='ocrx_word' id='word_1_325' title='bbox 1853 957 2053 1010; x_wconf 84' lang='lat' dir='ltr'><strong>coepisse.</strong></span> 
     </span>
     <span class='ocr_line' id='line_1_63' title="bbox 1170 1020 2053 1073; baseline -0.001 -10"><span class='ocrx_word' id='word_1_326' title='bbox 1170 1022 1426 1063; x_wconf 79' lang='lat' dir='ltr'><strong>Plutarchus</strong></span> <span class='ocrx_word' id='word_1_327' title='bbox 1447 1021 1492 1061; x_wconf 90' lang='lat' dir='ltr'><strong>in</strong></span> <span class='ocrx_word' id='word_1_328' title='bbox 1515 1020 1674 1072; x_wconf 82' lang='lat' dir='ltr'><strong>Agide,</strong></span> <span class='ocrx_word' id='word_1_329' title='bbox 1698 1021 1712 1043; x_wconf 80' lang='lat'>⁴</span> <span class='ocrx_word' id='word_1_330' title='bbox 1733 1020 1841 1061; x_wconf 89' lang='lat' dir='ltr'><strong>Cum</strong></span> <span class='ocrx_word' id='word_1_331' title='bbox 1871 1021 2053 1073; x_wconf 84' lang='lat' dir='ltr'><strong>primum</strong></span> 
     </span>
     <span class='ocr_line' id='line_1_64' title="bbox 1171 1082 2055 1135; baseline 0 -10"><span class='ocrx_word' id='word_1_332' title='bbox 1171 1084 1419 1126; x_wconf 84' lang='lat' dir='ltr'><strong>divitiarum</strong></span> <span class='ocrx_word' id='word_1_333' title='bbox 1450 1084 1584 1124; x_wconf 89' lang='lat' dir='ltr'><strong>nimia</strong></span> <span class='ocrx_word' id='word_1_334' title='bbox 1613 1082 1830 1135; x_wconf 84' lang='lat' dir='ltr'><strong>cupiditas</strong></span> <span class='ocrx_word' id='word_1_335' title='bbox 1849 1084 2055 1125; x_wconf 83' lang='lat' dir='ltr'><strong>Lacedae-</strong></span> 
     </span>
     <span class='ocr_line' id='line_1_65' title="bbox 1169 1147 2055 1201; baseline 0 -13"><span class='ocrx_word' id='word_1_336' title='bbox 1169 1147 1414 1189; x_wconf 87' lang='lat' dir='ltr'><strong>moniorum</strong></span> <span class='ocrx_word' id='word_1_337' title='bbox 1432 1147 1656 1189; x_wconf 88' lang='lat' dir='ltr'><strong>civitatem</strong></span> <span class='ocrx_word' id='word_1_338' title='bbox 1670 1147 1915 1199; x_wconf 86' lang='lat' dir='ltr'><strong>occupavit,</strong></span> <span class='ocrx_word' id='word_1_339' title='bbox 1923 1154 2055 1201; x_wconf 86' lang='lat' dir='ltr'><strong>atque</strong></span> 
     </span>
     <span class='ocr_line' id='line_1_66' title="bbox 1171 1211 2057 1264; baseline 0 -12"><span class='ocrx_word' id='word_1_340' title='bbox 1171 1223 1227 1253; x_wconf 84' lang='lat' dir='ltr'><strong>ex</strong></span> <span class='ocrx_word' id='word_1_341' title='bbox 1258 1211 1426 1253; x_wconf 88' lang='lat' dir='ltr'><strong>illarum</strong></span> <span class='ocrx_word' id='word_1_342' title='bbox 1456 1211 1726 1264; x_wconf 83' lang='lat' dir='ltr'><strong>possessione</strong></span> <span class='ocrx_word' id='word_1_343' title='bbox 1755 1211 1976 1264; x_wconf 88' lang='lat' dir='ltr'><strong>superbia,</strong></span> <span class='ocrx_word' id='word_1_344' title='bbox 2001 1224 2057 1252; x_wconf 82' lang='lat' dir='ltr'><strong>ex</strong></span> 
     </span>
     <span class='ocr_line' id='line_1_67' title="bbox 1170 1274 2058 1317; baseline -0.001 -1"><span class='ocrx_word' id='word_1_345' title='bbox 1170 1287 1250 1317; x_wconf 90' lang='lat' dir='ltr'><strong>usu</strong></span> <span class='ocrx_word' id='word_1_346' title='bbox 1264 1281 1408 1316; x_wconf 86' lang='lat' dir='ltr'><strong>autem</strong></span> <span class='ocrx_word' id='word_1_347' title='bbox 1430 1274 1599 1316; x_wconf 85' lang='lat' dir='ltr'><strong>luxuria</strong></span> <span class='ocrx_word' id='word_1_348' title='bbox 1615 1279 1662 1315; x_wconf 90' lang='lat' dir='ltr'><strong>et</strong></span> <span class='ocrx_word' id='word_1_349' title='bbox 1677 1274 1875 1315; x_wconf 82' lang='lat' dir='ltr'><strong>mollities</strong></span> <span class='ocrx_word' id='word_1_350' title='bbox 1893 1275 2058 1315; x_wconf 82' lang='lat' dir='ltr'><strong>animos</strong></span> 
     </span>
     <span class='ocr_line' id='line_1_68' title="bbox 1171 1335 2057 1391; baseline -0.006 -11"><span class='ocrx_word' id='word_1_351' title='bbox 1171 1338 1348 1391; x_wconf 89' lang='lat' dir='ltr'><strong>invasit,</strong></span> <span class='ocrx_word' id='word_1_352' title='bbox 1373 1342 1556 1391; x_wconf 88' lang='lat' dir='ltr'><strong>repente</strong></span> <span class='ocrx_word' id='word_1_353' title='bbox 1585 1336 1781 1376; x_wconf 86' lang='lat' dir='ltr'><strong>maximis</strong></span> <span class='ocrx_word' id='word_1_354' title='bbox 1813 1336 1937 1376; x_wconf 88' lang='lat' dir='ltr'><strong>bonis</strong></span> <span class='ocrx_word' id='word_1_355' title='bbox 1969 1335 2057 1389; x_wconf 88' lang='lat' dir='ltr'><strong>pri-</strong></span> 
     </span>
     <span class='ocr_line' id='line_1_69' title="bbox 1172 1399 2058 1453; baseline -0.003 -10"><span class='ocrx_word' id='word_1_356' title='bbox 1172 1407 1275 1443; x_wconf 80' lang='lat' dir='ltr'><strong>vata</strong></span> <span class='ocrx_word' id='word_1_357' title='bbox 1290 1401 1443 1443; x_wconf 82' lang='lat' dir='ltr'><strong>civitas</strong></span> <span class='ocrx_word' id='word_1_358' title='bbox 1468 1399 1673 1451; x_wconf 88' lang='lat' dir='ltr'><strong>concidit,</strong></span> <span class='ocrx_word' id='word_1_359' title='bbox 1701 1400 1917 1453; x_wconf 70' lang='lat' dir='ltr'><strong>multaque</strong></span> <span class='ocrx_word' id='word_1_360' title='bbox 1947 1411 2058 1452; x_wconf 80' lang='lat' dir='ltr'><strong>prae-</strong></span> 
     </span>
     <span class='ocr_line' id='line_1_70' title="bbox 1173 1462 2057 1516; baseline -0.005 -10"><span class='ocrx_word' id='word_1_361' title='bbox 1173 1470 1244 1506; x_wconf 90' lang='lat' dir='ltr'><strong>ter</strong></span> <span class='ocrx_word' id='word_1_362' title='bbox 1279 1464 1536 1516; x_wconf 86' lang='lat' dir='ltr'><strong>dignitatem</strong></span> <span class='ocrx_word' id='word_1_363' title='bbox 1567 1462 1742 1515; x_wconf 86' lang='lat' dir='ltr'><strong>abjecte</strong></span> <span class='ocrx_word' id='word_1_364' title='bbox 1771 1462 1897 1502; x_wconf 87' lang='lat' dir='ltr'><strong>nimis</strong></span> <span class='ocrx_word' id='word_1_365' title='bbox 1925 1467 2057 1515; x_wconf 82' lang='lat' dir='ltr'><strong>atque</strong></span> 
     </span>
     <span class='ocr_line' id='line_1_71' title="bbox 1171 1525 2065 1580; baseline -0.002 -12"><span class='ocrx_word' id='word_1_366' title='bbox 1171 1527 1391 1568; x_wconf 85' lang='lat' dir='ltr'><strong>humiliter</strong></span> <span class='ocrx_word' id='word_1_367' title='bbox 1409 1532 1602 1580; x_wconf 85' lang='lat' dir='ltr'><strong>operata,</strong></span> <span class='ocrx_word' id='word_1_368' title='bbox 1624 1525 1678 1566; x_wconf 87' lang='lat' dir='ltr'><strong>ad</strong></span> <span class='ocrx_word' id='word_1_369' title='bbox 1698 1538 1749 1566; x_wconf 82' lang='lat' dir='ltr'><strong>ea</strong></span> <span class='ocrx_word' id='word_1_370' title='bbox 1766 1530 1964 1578; x_wconf 84' lang='lat' dir='ltr'><strong>tempora</strong></span> <span class='ocrx_word' id='word_1_371' title='bbox 1983 1525 2065 1566; x_wconf 88' lang='lat' dir='ltr'><strong>de·-</strong></span> 
     </span>
     <span class='ocr_line' id='line_1_72' title="bbox 1173 1586 2059 1644; baseline -0.002 -12"><span class='ocrx_word' id='word_1_372' title='bbox 1173 1591 1313 1644; x_wconf 81' lang='lat' dir='ltr'><strong>venit,</strong></span> <span class='ocrx_word' id='word_1_373' title='bbox 1330 1590 1483 1644; x_wconf 88' lang='lat' dir='ltr'><strong>quibus</strong></span> <span class='ocrx_word' id='word_1_374' title='bbox 1503 1588 1611 1642; x_wconf 83' lang='lat' dir='ltr'><strong>Agis</strong></span> <span class='ocrx_word' id='word_1_375' title='bbox 1629 1595 1677 1630; x_wconf 91' lang='lat' dir='ltr'><strong>et</strong></span> <span class='ocrx_word' id='word_1_376' title='bbox 1694 1586 1906 1630; x_wconf 85' lang='lat' dir='ltr'><strong>Leonidas</strong></span> <span class='ocrx_word' id='word_1_377' title='bbox 1935 1601 2059 1642; x_wconf 90' lang='lat' dir='ltr'><strong>reges</strong></span> 
     </span>
     <span class='ocr_line' id='line_1_73' title="bbox 1174 1652 2061 1705; baseline -0.003 -10"><span class='ocrx_word' id='word_1_378' title='bbox 1174 1655 1219 1696; x_wconf 89' lang='lat' dir='ltr'><strong>in</strong></span> <span class='ocrx_word' id='word_1_379' title='bbox 1238 1666 1290 1694; x_wconf 86' lang='lat' dir='ltr'><strong>ea</strong></span> <span class='ocrx_word' id='word_1_380' title='bbox 1307 1658 1408 1695; x_wconf 89' lang='lat' dir='ltr'><strong>sunt</strong></span> <span class='ocrx_word' id='word_1_381' title='bbox 1425 1652 1678 1694; x_wconf 68' lang='lat' dir='ltr'><strong>constituti!</strong></span> <span class='ocrx_word' id='word_1_382' title='bbox 1733 1653 1912 1694; x_wconf 84' lang='lat' dir='ltr'><strong>Divitiis</strong></span> <span class='ocrx_word' id='word_1_383' title='bbox 1926 1652 2061 1705; x_wconf 79' lang='lat' dir='ltr'><strong>igitur</strong></span> 
     </span>
     <span class='ocr_line' id='line_1_74' title="bbox 1175 1716 2061 1770; baseline 0 -13"><span class='ocrx_word' id='word_1_384' title='bbox 1175 1716 1431 1770; x_wconf 86' lang='lat' dir='ltr'><strong>deliciisque</strong></span> <span class='ocrx_word' id='word_1_385' title='bbox 1463 1716 1509 1756; x_wconf 89' lang='lat' dir='ltr'><strong>in</strong></span> <span class='ocrx_word' id='word_1_386' title='bbox 1544 1726 1640 1757; x_wconf 84' lang='lat' dir='ltr'><strong>eam</strong></span> <span class='ocrx_word' id='word_1_387' title='bbox 1673 1716 1825 1757; x_wconf 89' lang='lat' dir='ltr'><strong>urbem</strong></span> <span class='ocrx_word' id='word_1_388' title='bbox 1856 1716 2061 1769; x_wconf 86' lang='lat' dir='ltr'><strong>receptis,</strong></span> 
     </span>
     <span class='ocr_line' id='line_1_75' title="bbox 1174 1779 2062 1832; baseline -0.001 -12"><span class='ocrx_word' id='word_1_389' title='bbox 1174 1779 1424 1832; x_wconf 82' lang='lat' dir='ltr'><strong>legibusque</strong></span> <span class='ocrx_word' id='word_1_390' title='bbox 1441 1779 1630 1832; x_wconf 82' lang='lat' dir='ltr'><strong>Lycurgi</strong></span> <span class='ocrx_word' id='word_1_391' title='bbox 1649 1779 1927 1831; x_wconf 81' lang='lat' dir='ltr'><strong>posthabitis:</strong></span> <span class='ocrx_word' id='word_1_392' title='bbox 1957 1792 2062 1832; x_wconf 83' lang='lat' dir='ltr'><strong>quo·</strong></span> 
     </span>
     <span class='ocr_line' id='line_1_76' title="bbox 1176 1841 2061 1896; baseline -0.001 -13"><span class='ocrx_word' id='word_1_393' title='bbox 1176 1843 1423 1896; x_wconf 86' lang='lat' dir='ltr'><strong>tusquisque</strong></span> <span class='ocrx_word' id='word_1_394' title='bbox 1467 1841 1551 1883; x_wconf 82' lang='lat' dir='ltr'><strong>fuit</strong></span> <span class='ocrx_word' id='word_1_395' title='bbox 1597 1843 1671 1896; x_wconf 90' lang='lat' dir='ltr'><strong>qui</strong></span> <span class='ocrx_word' id='word_1_396' title='bbox 1718 1848 1822 1884; x_wconf 86' lang='lat' dir='ltr'><strong>tunc</strong></span> <span class='ocrx_word' id='word_1_397' title='bbox 1857 1843 2061 1884; x_wconf 85' lang='lat' dir='ltr'><strong>-Scenicis</strong></span> 
     </span>
     <span class='ocr_line' id='line_1_77' title="bbox 1174 1906 2062 1960; baseline -0.002 -13"><span class='ocrx_word' id='word_1_398' title='bbox 1174 1906 1436 1959; x_wconf 84' lang='lat' dir='ltr'><strong>spectaculis</strong></span> <span class='ocrx_word' id='word_1_399' title='bbox 1468 1906 1623 1955; x_wconf 88' lang='lat' dir='ltr'><strong>locum,</strong></span> <span class='ocrx_word' id='word_1_400' title='bbox 1655 1911 1788 1960; x_wconf 91' lang='lat' dir='ltr'><strong>atque</strong></span> <span class='ocrx_word' id='word_1_401' title='bbox 1819 1906 1872 1947; x_wconf 90' lang='lat' dir='ltr'><strong>ad</strong></span> <span class='ocrx_word' id='word_1_402' title='bbox 1904 1918 1958 1947; x_wconf 88' lang='lat' dir='ltr'><strong>ea</strong></span> <span class='ocrx_word' id='word_1_403' title='bbox 1991 1906 2062 1946; x_wconf 88' lang='lat' dir='ltr'><strong>vel</strong></span> 
     </span>
     <span class='ocr_line' id='line_1_78' title="bbox 1174 1969 2063 2022; baseline -0.002 -12"><span class='ocrx_word' id='word_1_404' title='bbox 1174 1969 1312 2011; x_wconf 85' lang='lat' dir='ltr'><strong>viduis</strong></span> <span class='ocrx_word' id='word_1_405' title='bbox 1345 1975 1529 2021; x_wconf 84' lang='lat' dir='ltr'><strong>propter</strong></span> <span class='ocrx_word' id='word_1_406' title='bbox 1548 1969 1774 2010; x_wconf 86' lang='lat' dir='ltr'><strong>avaritiam</strong></span> <span class='ocrx_word' id='word_1_407' title='bbox 1795 1969 1939 2022; x_wconf 88' lang='lat' dir='ltr'><strong>pretio</strong></span> <span class='ocrx_word' id='word_1_408' title='bbox 1959 1980 2063 2009; x_wconf 89' lang='lat' dir='ltr'><strong>con-</strong></span> 
     </span>
     <span class='ocr_line' id='line_1_79' title="bbox 1175 2029 2060 2084; baseline 0 -13"><span class='ocrx_word' id='word_1_409' title='bbox 1175 2031 1336 2084; x_wconf 84' lang='lat' dir='ltr'><strong>ductis,</strong></span> <span class='ocrx_word' id='word_1_410' title='bbox 1353 2030 1521 2071; x_wconf 83' lang='lat' dir='ltr'><strong>aditum·</strong></span> <span class='ocrx_word' id='word_1_411' title='bbox 1550 2029 1683 2071; x_wconf 86' lang='lat' dir='ltr'><strong>fuisse</strong></span> <span class='ocrx_word' id='word_1_412' title='bbox 1717 2030 1866 2071; x_wconf 87' lang='lat' dir='ltr'><strong>datum</strong></span> <span class='ocrx_word' id='word_1_413' title='bbox 1901 2036 2060 2083; x_wconf 80' lang='lat' dir='ltr'><strong>neget:</strong></span> 
     </span>
     <span class='ocr_line' id='line_1_80' title="bbox 1175 2093 2062 2148; baseline 0 -13"><span class='ocrx_word' id='word_1_414' title='bbox 1175 2094 1230 2135; x_wconf 91' lang='lat' dir='ltr'><strong>de</strong></span> <span class='ocrx_word' id='word_1_415' title='bbox 1260 2095 1407 2135; x_wconf 86' lang='lat' dir='ltr'><strong>horum</strong></span> <span class='ocrx_word' id='word_1_416' title='bbox 1439 2093 1573 2147; x_wconf 83' lang='lat' dir='ltr'><strong>igitur</strong></span> <span class='ocrx_word' id='word_1_417' title='bbox 1601 2100 1844 2148; x_wconf 88' lang='lat' dir='ltr'><strong>temporum</strong></span> <span class='ocrx_word' id='word_1_418' title='bbox 1872 2094 2062 2136; x_wconf 86' lang='lat' dir='ltr'><strong>moribus</strong></span> 
     </span>
     <span class='ocr_line' id='line_1_81' title="bbox 1173 2157 2067 2212; baseline -0.001 -13"><span class='ocrx_word' id='word_1_419' title='bbox 1173 2158 1367 2212; x_wconf 87' lang='lat' dir='ltr'><strong>loquitur</strong></span> <span class='ocrx_word' id='word_1_420' title='bbox 1403 2157 1591 2210; x_wconf 85' lang='lat' dir='ltr'><strong>Probus,</strong></span> <span class='ocrx_word' id='word_1_421' title='bbox 1632 2159 1704 2212; x_wconf 90' lang='lat' dir='ltr'><strong>qui</strong></span> <span class='ocrx_word' id='word_1_422' title='bbox 1738 2164 1786 2199; x_wconf 88' lang='lat' dir='ltr'><strong>et</strong></span> <span class='ocrx_word' id='word_1_423' title='bbox 1820 2170 1897 2199; x_wconf 91' lang='lat' dir='ltr'><strong>sua</strong></span> <span class='ocrx_word' id='word_1_424' title='bbox 1929 2163 2067 2204; x_wconf 77' lang='lat' dir='ltr'><strong>aetate</strong></span> 
     </span>
     <span class='ocr_line' id='line_1_82' title="bbox 1174 2220 2062 2272; baseline -0.001 -9"><span class='ocrx_word' id='word_1_425' title='bbox 1174 2227 1367 2263; x_wconf 87' lang='lat' dir='ltr'><strong>servatos</strong></span> <span class='ocrx_word' id='word_1_426' title='bbox 1412 2220 1697 2272; x_wconf 87' lang='lat' dir='ltr'><strong>demonstrat,</strong></span> <span class='ocrx_word' id='word_1_427' title='bbox 1743 2227 1790 2262; x_wconf 87' lang='lat' dir='ltr'><strong>et</strong></span> <span class='ocrx_word' id='word_1_428' title='bbox 1849 2221 2062 2262; x_wconf 87' lang='lat' dir='ltr'><strong>mercedis</strong></span> 
     </span>
     <span class='ocr_line' id='line_1_83' title="bbox 1175 2285 2062 2337; baseline -0.001 -10"><span class='ocrx_word' id='word_1_429' title='bbox 1175 2285 1559 2337; x_wconf 87' lang='lat' dir='ltr'><strong>conductionisque</strong></span> <span class='ocrx_word' id='word_1_430' title='bbox 1605 2285 1815 2328; x_wconf 87' lang='lat' dir='ltr'><strong>meminit.</strong></span> <span class='ocrx_word' id='word_1_431' title='bbox 1881 2286 2062 2336; x_wconf 63' lang='lat' dir='ltr'><strong>Magiam.</strong></span> 
     </span>
     <span class='ocr_line' id='line_1_84' title="bbox 1174 2347 2063 2402; baseline -0.001 -11"><span class='ocrx_word' id='word_1_432' title='bbox 1174 2349 1261 2391; x_wconf 90' lang='lat' dir='ltr'><strong>Sed</strong></span> <span class='ocrx_word' id='word_1_433' title='bbox 1280 2347 1383 2402; x_wconf 89' lang='lat' dir='ltr'><strong>quid</strong></span> <span class='ocrx_word' id='word_1_434' title='bbox 1403 2348 1483 2389; x_wconf 84' lang='lat' dir='ltr'><strong>sibi</strong></span> <span class='ocrx_word' id='word_1_435' title='bbox 1504 2349 1597 2390; x_wconf 89' lang='lat' dir='ltr'><strong>vult</strong></span> <span class='ocrx_word' id='word_1_436' title='bbox 1628 2349 1743 2390; x_wconf 91' lang='lat' dir='ltr'><strong>istud</strong></span> <span class='ocrx_word' id='word_1_437' title='bbox 1771 2351 1784 2372; x_wconf 91' lang='lat'>‘</span> <span class='ocrx_word' id='word_1_438' title='bbox 1805 2349 1861 2391; x_wconf 90' lang='lat' dir='ltr'><strong>ad</strong></span> <span class='ocrx_word' id='word_1_439' title='bbox 1890 2361 2063 2390; x_wconf 85' lang='lat' dir='ltr'><strong>scenam</strong></span> 
     </span>
     <span class='ocr_line' id='line_1_85' title="bbox 1176 2412 2064 2456; baseline -0.001 -1"><span class='ocrx_word' id='word_1_440' title='bbox 1176 2415 1241 2455; x_wconf 87' lang='lat' dir='ltr'><strong>ire</strong></span> <span class='ocrx_word' id='word_1_441' title='bbox 1257 2413 1288 2453; x_wconf 91' lang='lat'><strong>?&#39;</strong></span> <span class='ocrx_word' id='word_1_442' title='bbox 1329 2412 1618 2454; x_wconf 88' lang='lat' dir='ltr'><strong>Doctissimus</strong></span> <span class='ocrx_word' id='word_1_443' title='bbox 1656 2414 1971 2456; x_wconf 85' lang='lat' dir='ltr'><strong>Freinshemius</strong></span> <span class='ocrx_word' id='word_1_444' title='bbox 2001 2414 2064 2454; x_wconf 87' lang='lat' dir='ltr'><strong>ita</strong></span> 
     </span>
     <span class='ocr_line' id='line_1_86' title="bbox 1178 2476 2059 2519; baseline 0 -1"><span class='ocrx_word' id='word_1_445' title='bbox 1178 2477 1233 2518; x_wconf 89' lang='lat' dir='ltr'><strong>ad</strong></span> <span class='ocrx_word' id='word_1_446' title='bbox 1266 2477 1365 2518; x_wconf 87' lang='lat' dir='ltr'><strong>-haec</strong></span> <span class='ocrx_word' id='word_1_447' title='bbox 1399 2476 1560 2518; x_wconf 80' lang='lat' dir='ltr'><strong>verba:</strong></span> <span class='ocrx_word' id='word_1_448' title='bbox 1609 2477 1622 2500; x_wconf 87' lang='lat'>‘</span> <span class='ocrx_word' id='word_1_449' title='bbox 1644 2477 1714 2518; x_wconf 92' lang='lat' dir='ltr'><strong>Ad</strong></span> <span class='ocrx_word' id='word_1_450' title='bbox 1752 2490 1924 2519; x_wconf 83' lang='lat' dir='ltr'><strong>scenam</strong></span> <span class='ocrx_word' id='word_1_451' title='bbox 1959 2483 2059 2519; x_wconf 89' lang='lat' dir='ltr'><strong>eat:</strong></span> 
     </span>
     <span class='ocr_line' id='line_1_87' title="bbox 1178 2540 2063 2594; baseline 0.001 -14"><span class='ocrx_word' id='word_1_452' title='bbox 1178 2546 1345 2592; x_wconf 88' lang='lat' dir='ltr'><strong>actura,</strong></span> <span class='ocrx_word' id='word_1_453' title='bbox 1364 2540 1567 2592; x_wconf 86' lang='lat' dir='ltr'><strong>arbitror,</strong></span> <span class='ocrx_word' id='word_1_454' title='bbox 1593 2540 1706 2581; x_wconf 89' lang='lat' dir='ltr'><strong>sicut</strong></span> <span class='ocrx_word' id='word_1_455' title='bbox 1723 2541 1803 2581; x_wconf 90' lang='lat' dir='ltr'><strong>sub</strong></span> <span class='ocrx_word' id='word_1_456' title='bbox 1818 2541 1958 2594; x_wconf 88' lang='lat' dir='ltr'><strong>Impp.</strong></span> <span class='ocrx_word' id='word_1_457' title='bbox 1977 2541 2063 2581; x_wconf 89' lang='lat' dir='ltr'><strong>Ro·</strong></span> 
     </span>
     <span class='ocr_line' id='line_1_88' title="bbox 1177 2602 2063 2656; baseline 0 -12"><span class='ocrx_word' id='word_1_458' title='bbox 1177 2616 1291 2645; x_wconf 86' lang='lat' dir='ltr'><strong>man.</strong></span> <span class='ocrx_word' id='word_1_459' title='bbox 1345 2603 1417 2645; x_wconf 83' lang='lat' dir='ltr'><strong>An</strong></span> <span class='ocrx_word' id='word_1_460' title='bbox 1434 2602 1520 2644; x_wconf 78' lang='lat' dir='ltr'><strong>fuit</strong></span> <span class='ocrx_word' id='word_1_461' title='bbox 1537 2602 1593 2644; x_wconf 88' lang='lat' dir='ltr'><strong>ad</strong></span> <span class='ocrx_word' id='word_1_462' title='bbox 1613 2616 1774 2645; x_wconf 83' lang='lat' dir='ltr'><strong>caenam</strong></span> <span class='ocrx_word' id='word_1_463' title='bbox 1791 2605 1806 2644; x_wconf 69' lang='grc' dir='ltr'><strong><em>ἓ</em></strong></span> <span class='ocrx_word' id='word_1_464' title='bbox 1835 2605 1891 2644; x_wconf 89' lang='lat' dir='ltr'><strong>de</strong></span> <span class='ocrx_word' id='word_1_465' title='bbox 1911 2617 1996 2656; x_wconf 88' lang='lat' dir='ltr'><strong>qua</strong></span> <span class='ocrx_word' id='word_1_466' title='bbox 2016 2616 2063 2644; x_wconf 88' lang='lat' dir='ltr'><strong>re</strong></span> 
     </span>
     <span class='ocr_line' id='line_1_89' title="bbox 1178 2667 2064 2710; baseline -0.001 -1"><span class='ocrx_word' id='word_1_467' title='bbox 1178 2668 1370 2709; x_wconf 80' lang='lat' dir='ltr'><strong>nonnihil</strong></span> <span class='ocrx_word' id='word_1_468' title='bbox 1390 2667 1445 2708; x_wconf 88' lang='lat' dir='ltr'><strong>ad</strong></span> <span class='ocrx_word' id='word_1_469' title='bbox 1478 2669 1602 2710; x_wconf 85' lang='lat' dir='ltr'><strong>Curt.</strong></span> <span class='ocrx_word' id='word_1_470' title='bbox 1635 2680 1679 2709; x_wconf 86' lang='lat' dir='ltr'><strong>v.</strong></span> <span class='ocrx_word' id='word_1_471' title='bbox 1709 2673 1750 2710; x_wconf 80' lang='grc'><strong>7.</strong></span> <span class='ocrx_word' id='word_1_472' title='bbox 1783 2672 1823 2710; x_wconf 78' lang='grc'><strong>2.</strong></span> <span class='ocrx_word' id='word_1_473' title='bbox 1858 2668 1934 2709; x_wconf 83' lang='lat' dir='ltr'><strong>sed</strong></span> <span class='ocrx_word' id='word_1_474' title='bbox 1970 2669 2064 2709; x_wconf 86' lang='lat' dir='ltr'><strong>haec</strong></span> 
     </span>
     <span class='ocr_line' id='line_1_90' title="bbox 1180 2731 2065 2774; baseline -0.003 0"><span class='ocrx_word' id='word_1_475' title='bbox 1180 2738 1350 2774; x_wconf 79' lang='lat' dir='ltr'><strong>tantum</strong></span> <span class='ocrx_word' id='word_1_476' title='bbox 1392 2732 1551 2773; x_wconf 79' lang='lat' dir='ltr'><strong>leviter</strong></span> <span class='ocrx_word' id='word_1_477' title='bbox 1594 2731 1777 2773; x_wconf 65' lang='lat' dir='ltr'><strong>dubito!</strong></span> <span class='ocrx_word' id='word_1_478' title='bbox 1850 2732 1863 2755; x_wconf 90' lang='lat'>‘</span> <span class='ocrx_word' id='word_1_479' title='bbox 1879 2732 2065 2772; x_wconf 88' lang='lat' dir='ltr'><strong>Scenam</strong></span> 
     </span>
     <span class='ocr_line' id='line_1_91' title="bbox 1181 2793 2065 2847; baseline -0.003 -11"><span class='ocrx_word' id='word_1_480' title='bbox 1181 2794 1315 2836; x_wconf 76' lang='lat' dir='ltr'><strong>inire’</strong></span> <span class='ocrx_word' id='word_1_481' title='bbox 1342 2799 1412 2835; x_wconf 87' lang='lat' dir='ltr'><strong>est</strong></span> <span class='ocrx_word' id='word_1_482' title='bbox 1442 2794 1558 2847; x_wconf 88' lang='lat' dir='ltr'><strong>apud</strong></span> <span class='ocrx_word' id='word_1_483' title='bbox 1585 2795 1725 2835; x_wconf 84' lang='lat' dir='ltr'><strong>Tacit.</strong></span> <span class='ocrx_word' id='word_1_484' title='bbox 1741 2793 1856 2836; x_wconf 81' lang='lat' dir='ltr'><strong>Ann.</strong></span> <span class='ocrx_word' id='word_1_485' title='bbox 1890 2804 1967 2834; x_wconf 82' lang='lat' dir='ltr'><strong>xv.</strong></span> <span class='ocrx_word' id='word_1_486' title='bbox 1997 2797 2065 2834; x_wconf 76' lang='lat'><strong>39.</strong></span> 
     </span>
     <span class='ocr_line' id='line_1_92' title="bbox 1182 2858 2066 2914; baseline -0.001 -14"><span class='ocrx_word' id='word_1_487' title='bbox 1182 2860 1328 2914; x_wconf 85' lang='lat' dir='ltr'><strong>Atque</strong></span> <span class='ocrx_word' id='word_1_488' title='bbox 1366 2861 1448 2901; x_wconf 86' lang='lat' dir='ltr'><strong>boc</strong></span> <span class='ocrx_word' id='word_1_489' title='bbox 1485 2872 1610 2900; x_wconf 82' lang='lat' dir='ltr'><strong>sensu</strong></span> <span class='ocrx_word' id='word_1_490' title='bbox 1636 2863 1651 2885; x_wconf 74' lang='lat'><strong>⁴</strong></span> <span class='ocrx_word' id='word_1_491' title='bbox 1673 2859 1729 2900; x_wconf 90' lang='lat' dir='ltr'><strong>ad</strong></span> <span class='ocrx_word' id='word_1_492' title='bbox 1757 2871 1932 2900; x_wconf 81' lang='lat' dir='ltr'><strong>scenam</strong></span> <span class='ocrx_word' id='word_1_493' title='bbox 1968 2858 2066 2910; x_wconf 86' lang='lat' dir='ltr'><strong>ire,’</strong></span> 
     </span>
     <span class='ocr_line' id='line_1_93' title="bbox 1180 2920 2069 2975; baseline -0.002 -13"><span class='ocrx_word' id='word_1_494' title='bbox 1180 2920 1314 2963; x_wconf 78' lang='lat' dir='ltr'><strong>fuerit</strong></span> <span class='ocrx_word' id='word_1_495' title='bbox 1331 2922 1465 2973; x_wconf 89' lang='lat' dir='ltr'><strong>idem,</strong></span> <span class='ocrx_word' id='word_1_496' title='bbox 1494 2920 1610 2975; x_wconf 89' lang='lat' dir='ltr'><strong>quod</strong></span> <span class='ocrx_word' id='word_1_497' title='bbox 1639 2933 1739 2962; x_wconf 87' lang='lat' dir='ltr'><strong>mox</strong></span> <span class='ocrx_word' id='word_1_498' title='bbox 1768 2927 1916 2962; x_wconf 90' lang='lat' dir='ltr'><strong>noster</strong></span> <span class='ocrx_word' id='word_1_499' title='bbox 1945 2921 2069 2973; x_wconf 79' lang='lat' dir='ltr'><strong>dicit,</strong></span> 
     </span>
     <span class='ocr_line' id='line_1_94' title="bbox 1180 2983 1718 3037; baseline 0.002 -12"><span class='ocrx_word' id='word_1_500' title='bbox 1180 2986 1195 3009; x_wconf 85' lang='lat'>‘</span> <span class='ocrx_word' id='word_1_501' title='bbox 1215 2985 1259 3025; x_wconf 91' lang='lat' dir='ltr'><strong>in</strong></span> <span class='ocrx_word' id='word_1_502' title='bbox 1293 2996 1470 3025; x_wconf 89' lang='lat' dir='ltr'><strong>scenam</strong></span> <span class='ocrx_word' id='word_1_503' title='bbox 1515 2983 1718 3037; x_wconf 78' lang='lat' dir='ltr'><strong>prodire.’</strong></span> 
     </span>
     <span class='ocr_line' id='line_1_95' title="bbox 1182 3047 2066 3100; baseline -0.002 -12"><span class='ocrx_word' id='word_1_504' title='bbox 1182 3048 1312 3089; x_wconf 90' lang='lat' dir='ltr'><strong>etiam</strong></span> <span class='ocrx_word' id='word_1_505' title='bbox 1332 3052 1602 3100; x_wconf 85' lang='lat' dir='ltr'><strong>spectatores</strong></span> <span class='ocrx_word' id='word_1_506' title='bbox 1630 3047 1844 3088; x_wconf 88' lang='lat' dir='ltr'><strong>interdum</strong></span> <span class='ocrx_word' id='word_1_507' title='bbox 1865 3047 2066 3087; x_wconf 87' lang='lat' dir='ltr'><strong>mercede</strong></span> 
     </span>
     <span class='ocr_line' id='line_1_96' title="bbox 1181 3111 2070 3163; baseline -0.003 -11"><span class='ocrx_word' id='word_1_508' title='bbox 1181 3111 1434 3161; x_wconf 79' lang='lat' dir='ltr'><strong>conductos,</strong></span> <span class='ocrx_word' id='word_1_509' title='bbox 1465 3117 1737 3163; x_wconf 84' lang='lat' dir='ltr'><strong>tesserasque</strong></span> <span class='ocrx_word' id='word_1_510' title='bbox 1771 3112 1815 3151; x_wconf 89' lang='lat' dir='ltr'><strong>in</strong></span> <span class='ocrx_word' id='word_1_511' title='bbox 1856 3123 1932 3150; x_wconf 82' lang='lat' dir='ltr'><strong>usu</strong></span> <span class='ocrx_word' id='word_1_512' title='bbox 1961 3111 2070 3150; x_wconf 87' lang='lat' dir='ltr'><strong>anti-</strong></span> 
     </span>
     <span class='ocr_line' id='line_1_97' title="bbox 1183 3173 2069 3227; baseline -0.002 -13"><span class='ocrx_word' id='word_1_513' title='bbox 1183 3175 1327 3227; x_wconf 84' lang='lat' dir='ltr'><strong>quitus</strong></span> <span class='ocrx_word' id='word_1_514' title='bbox 1356 3173 1508 3224; x_wconf 85' lang='lat' dir='ltr'><strong>fuisse,</strong></span> <span class='ocrx_word' id='word_1_515' title='bbox 1540 3173 1654 3214; x_wconf 89' lang='lat' dir='ltr'><strong>unde</strong></span> <span class='ocrx_word' id='word_1_516' title='bbox 1689 3180 1962 3226; x_wconf 82' lang='lat' dir='ltr'><strong>spectatores</strong></span> <span class='ocrx_word' id='word_1_517' title='bbox 1994 3173 2069 3213; x_wconf 90' lang='lat' dir='ltr'><strong>ali·</strong></span> 
     </span>
     <span class='ocr_line' id='line_1_98' title="bbox 1182 3235 2066 3290; baseline 0.001 -14"><span class='ocrx_word' id='word_1_518' title='bbox 1182 3235 1287 3290; x_wconf 88' lang='lat' dir='ltr'><strong>quid</strong></span> <span class='ocrx_word' id='word_1_519' title='bbox 1332 3237 1604 3275; x_wconf 85' lang='lat' dir='ltr'><strong>lucrarentur</strong></span> <span class='ocrx_word' id='word_1_520' title='bbox 1639 3236 1854 3287; x_wconf 84' lang='lat' dir='ltr'><strong>probabili</strong></span> <span class='ocrx_word' id='word_1_521' title='bbox 1900 3237 2066 3277; x_wconf 81' lang='lat' dir='ltr'><strong>ratione</strong></span> 
     </span>
     <span class='ocr_line' id='line_1_99' title="bbox 1183 3298 2070 3351; baseline -0.002 -11"><span class='ocrx_word' id='word_1_522' title='bbox 1183 3299 1380 3351; x_wconf 86' lang='lat' dir='ltr'><strong>disputat</strong></span> <span class='ocrx_word' id='word_1_523' title='bbox 1408 3298 1639 3349; x_wconf 87' lang='lat' dir='ltr'><strong>Pignorius</strong></span> <span class='ocrx_word' id='word_1_524' title='bbox 1672 3299 1726 3339; x_wconf 90' lang='lat' dir='ltr'><strong>de</strong></span> <span class='ocrx_word' id='word_1_525' title='bbox 1756 3298 1890 3339; x_wconf 78' lang='lat' dir='ltr'><strong>servis</strong></span> <span class='ocrx_word' id='word_1_526' title='bbox 1909 3311 1954 3351; x_wconf 91' lang='lat' dir='ltr'><strong>p.</strong></span> <span class='ocrx_word' id='word_1_527' title='bbox 1973 3302 2070 3339; x_wconf 77' lang='lat'><strong>162.</strong></span> 
     </span>
     <span class='ocr_line' id='line_1_100' title="bbox 1183 3361 2072 3415; baseline -0.003 -12"><span class='ocrx_word' id='word_1_528' title='bbox 1183 3368 1230 3403; x_wconf 91' lang='lat' dir='ltr'><strong>et</strong></span> <span class='ocrx_word' id='word_1_529' title='bbox 1245 3373 1334 3415; x_wconf 85' lang='lat' dir='ltr'><strong>seq.</strong></span> <span class='ocrx_word' id='word_1_530' title='bbox 1351 3361 1427 3402; x_wconf 86' lang='lat' dir='ltr'><strong>sed</strong></span> <span class='ocrx_word' id='word_1_531' title='bbox 1447 3373 1501 3401; x_wconf 89' lang='lat' dir='ltr'><strong>an</strong></span> <span class='ocrx_word' id='word_1_532' title='bbox 1520 3362 1601 3401; x_wconf 87' lang='lat' dir='ltr'><strong>hoc</strong></span> <span class='ocrx_word' id='word_1_533' title='bbox 1621 3361 1674 3401; x_wconf 88' lang='lat' dir='ltr'><strong>ad</strong></span> <span class='ocrx_word' id='word_1_534' title='bbox 1696 3362 1852 3402; x_wconf 88' lang='lat' dir='ltr'><strong>Laced.</strong></span> <span class='ocrx_word' id='word_1_535' title='bbox 1870 3361 1956 3402; x_wconf 84' lang='lat' dir='ltr'><strong>vid.</strong></span> <span class='ocrx_word' id='word_1_536' title='bbox 1977 3373 2072 3414; x_wconf 88' lang='lat' dir='ltr'><strong>per-</strong></span> 
     </span>
     <span class='ocr_line' id='line_1_101' title="bbox 1184 3425 2069 3478; baseline -0.003 -11"><span class='ocrx_word' id='word_1_537' title='bbox 1184 3426 1324 3468; x_wconf 85' lang='lat' dir='ltr'><strong>tinere</strong></span> <span class='ocrx_word' id='word_1_538' title='bbox 1346 3425 1496 3477; x_wconf 88' lang='lat' dir='ltr'><strong>possit,</strong></span> <span class='ocrx_word' id='word_1_539' title='bbox 1523 3425 1704 3476; x_wconf 85' lang='lat' dir='ltr'><strong>amplius</strong></span> <span class='ocrx_word' id='word_1_540' title='bbox 1729 3426 2069 3478; x_wconf 80' lang='lat' dir='ltr'><strong>despiciendum.</strong></span> 
     </span>
     <span class='ocr_line' id='line_1_102' title="bbox 1185 3490 2071 3531; baseline -0.001 0"><span class='ocrx_word' id='word_1_541' title='bbox 1185 3490 1364 3531; x_wconf 71' lang='lat' dir='ltr'><strong>Boecler.</strong></span> <span class='ocrx_word' id='word_1_542' title='bbox 1434 3490 1554 3530; x_wconf 75' lang='lat' dir='ltr'><strong>Nulla</strong></span> <span class='ocrx_word' id='word_1_543' title='bbox 1591 3490 1856 3531; x_wconf 78' lang='lat' dir='ltr'><strong>Lucedoemoni</strong></span> <span class='ocrx_word' id='word_1_544' title='bbox 1897 3495 1978 3530; x_wconf 76' lang='lat' dir='ltr'><strong>tam</strong></span> <span class='ocrx_word' id='word_1_545' title='bbox 2012 3494 2071 3530; x_wconf 78' lang='lat' dir='ltr'><strong>cst</strong></span> 
     </span>
    </p>
   </div>
   <div class='ocr_carea' id='block_1_8' title="bbox 1787 2985 2149 3034">
    <p class='ocr_par' dir='ltr' id='par_1_9' title="bbox 1787 2985 2149 3034">
     <span class='ocr_line' id='line_1_103' title="bbox 1787 2985 2149 3034; baseline -0.003 -10"><span class='ocrx_word' id='word_1_546' title='bbox 1787 2985 1859 3025; x_wconf 87' lang='lat' dir='ltr'><strong>De</strong></span> <span class='ocrx_word' id='word_1_547' title='bbox 1894 2989 2069 3034; x_wconf 87' lang='lat' dir='ltr'><strong>caetero,</strong></span> <span class='ocrx_word' id='word_1_548' title='bbox 2141 3011 2149 3016; x_wconf 84' lang='lat'><em>-</em></span> 
     </span>
    </p>
   </div>
  </div>
 </body>
</html>
