2346 3886
599 274 736 315 vm.
773 270 1262 324 THRASYBULUS,
1301 272 1443 312 cAP.
1483 260 1535 312 4.
1862 259 1970 312 155

146 396 313 462 v⁵08,'⁷
337 395 531 466 inquit,'
569 394 671 447 ‘id
696 394 850 447 mihis
876 393 1025 456 dare,
1065 393 1214 460 quod
1247 392 1409 444 multi
1444 390 1748 455 invideant,
1785 391 1971 459 plures

145 484 312 536 etiam
349 481 765 549 concupiscant.
841 477 1030 543 Quare
1064 494 1138 530 ex
1175 478 1300 530 istis
1337 477 1466 529 nolo
1505 477 1765 544 ampliuS‚
1804 492 1973 544 quam

146 570 365 622 centum
394 567 610 636 jugera,
648 582 778 633 quae
823 570 877 617 et
912 564 1046 617 mei⁹
1083 564 1250 615 animi
1289 563 1612 630 aequitatem
1653 571 1706 615 et
1731 566 1971 614 vestram

146 653 484 707 voluntatem
530 650 808 704 indicent.'
882 650 1029 703 Nam
1054 665 1229 718 parva
1260 664 1499 709 munera,
1528 646 1771 698 diutina:
1812 647 1971 698 locu-

150 736 347 807 pletia,
373 753 482 789 non
504 737 732 805 propria
752 751 876 788 esse
899 721 1349 787 consueverunt.”¹
1364 739 1404 761 ¹⁰
1450 731 1560 783 Illa
1580 731 1742 797 igitur
1767 745 1973 782 corona

72 835 79 842 ‘
145 828 436 877 contentus
484 821 881 890 ThrasybuluS,
937 835 1114 887 neque
1152 818 1391 885 amplius
1441 816 1747 883 requisivit,
1796 830 1972 883 neque

145 922 456 976 quenquam
502 906 705 958 honore
769 921 828 957 se
849 933 854 936 ·
879 902 1250 957 antecessisse
1281 901 1647 955 existimavit.
1721 899 1838 952 Hic
1888 915 1973 951 se-

143 993 331 1061 quenti
357 997 621 1059 tempore‚
662 1006 787 1042 cum
828 995 1038 1057 praetor
1077 987 1315 1040 classem
1356 985 1430 1037 ad
1472 983 1767 1038 Ciliciam¹¹
1795 1000 1971 1053 appu—

142 1076 339 1141 iisset,t
382 1093 559 1145 neque
608 1077 748 1128 satis
801 1074 1086 1142 diligenter
1133 1074 1193 1125 in
1232 1072 1432 1125 castris
1476 1070 1641 1138 ejus¹²
1691 1073 1972 1135 agerentur

141 1161 369 1231 vigiliae,
409 1177 444 1214 a
467 1162 767 1225 barbaris,¹¹
815 1176 889 1212 ex
930 1158 1138 1229 oppido
1175 1163 1348 1211 noctu
1384 1155 1667 1225 eruptione
1705 1153 1876 1218 facta,
1915 1154 1974 1206 in

141 1246 496 1302 tabernaculo
519 1246 837 1308 interfectus
862 1250 964 1299 est.

652 1404 685 1424 ’¹⁸
716 1399 926 1452 Opulenta,
942 1411 1019 1439 non
1037 1397 1201 1439 stabilia
1219 1410 1300 1438 esse
1318 1399 1454 1441 solent.

900 1502 1147 1520 “OOOOOm
1151 1504 1198 1519 Ν

140 1577 168 1613 6
196 1573 357 1614 Manen·
384 1575 473 1615 dar.
493 1573 574 1615 Ed.
592 1573 693 1615 Ald.
725 1574 879 1615 Lamb.
911 1575 1060 1626 Steph.
1095 1574 1235 1616 Gebh.
1251 1576 1397 1616 Boecl.
1423 1575 1590 1615 Kench.
1622 1574 1744 1626 [Bos.
1764 1577 1804 1614 1.
1824 1575 1865 1614 2.
1884 1571 1972 1612 Ith.

141 1626 317 1679 Bipont.
351 1627 504 1668 Heinr.
525 1629 668 1670 Wetz.
702 1626 843 1668 Paufl.
875 1628 1106 1679 Schmied.]
1142 1629 1225 1679 Sed
1260 1635 1299 1669 et
1331 1631 1422 1679 agri
1446 1641 1605 1669 munera
1635 1629 1722 1668 dar.
1752 1627 1838 1666 Ms.
1859 1627 1975 1665 Dan.

140 1680 264 1725 Leid.
296 1684 340 1722 2.
374 1681 498 1724 Voss.
529 1685 566 1723 1.
594 1686 635 1722 2.
657 1680 743 1722 Ax.
773 1682 864 1732 agri
893 1693 1057 1722 munera
1087 1684 1176 1722 dar.
1207 1683 1287 1723 Ed:
1323 1684 1458 1724 Heus.
1493 1684 1611 1722 Stav.
1633 1686 1671 1722 1.
1691 1684 1730 1721 2.
1759 1683 1798 1721 3.
1827 1679 1973 1732 [Harl.

139 1735 369 1781 Tzschuck.
390 1739 429 1777 1.
446 1739 486 1776 2.
506 1735 651 1776 Brem.
666 1737 907 1788 Utrumque
927 1743 1046 1776 recte
1065 1736 1224 1776 dicitur
1241 1751 1250 1776 ε
1285 1737 1358 1776 sed
1387 1736 1486 1776 mihi
1512 1749 1609 1775 cum
1626 1733 1862 1775 Tzschuck.
1884 1734 1973 1784 pla-

140 1789 246 1840 cuit,
263 1789 437 1830 codices
455 1789 592 1842 sequi,
613 1802 726 1840 cum,
744 1796 791 1829 ut
812 1790 884 1830 ille
905 1791 983 1839 ait,
1002 1802 1055 1829 ex
1077 1791 1348 1842 appositione
1375 1791 1581 1843 probetur
1601 1795 1646 1829 et
1665 1789 1756 1828 soni
1772 1788 1975 1836 variatio-

137 1853 235 1890 nem
255 1841 416 1883 inferat
433 1843 658 1894 :Dugemm
675 1845 767 1894 agri
782 1848 822 1883 et
838 1856 998 1884 munera
1007 1843 1086 1884 Ed.
1105 1845 1228 1885 Jens.
1252 1845 1370 1885 Med.
1391 1843 1498 1895 Arg.
1521 1843 1623 1883 Pan·
1645 1844 1780 1893 Long.
1798 1842 1979 1892 Magea-

139 1898 166 1936 ⁷
196 1896 266 1937 Ita
284 1897 368 1938 Ms.
387 1897 469 1938 Ax.
489 1897 613 1938 Leid.
633 1901 670 1937 l.
697 1899 808 1937 Dan.
829 1896 978 1938 Boecl.
1002 1897 1122 1938 Leid.
1139 1902 1182 1939 2.
1199 1899 1322 1938 Voss
1341 1902 1381 1939 2.
1435 1897 1524 1938 Sed
1551 1909 1645 1948 rogo
1663 1909 1730 1936 vos
1749 1895 1830 1936 Ed.
1847 1895 1973 1936 Jens.

139 1949 262 1992 Med.
291 1950 399 2000 Arg.
433 1951 536 1992 Par.
567 1952 703 2003 Long.
739 1952 856 2003 Mag.
888 1951 1039 1992 Lamb.
1071 1952 1220 2003 steph.
1254 1952 1394 1993 Gebh.
1426 1952 1573 1992 Boecl.
1601 1951 1772 1991 Reueh.
1801 1949 1903 1989 Bos.
1934 1952 1974 1990 1.

139 2001 255 2056 (rogo
272 2003 359 2056 υορ)
378 2005 458 2046 Ed.
477 2004 577 2046 Aid.
596 2005 828 2046 Lame—>s
853 2005 925 2046 Sic
955 2005 1087 2048 etiam
1117 2006 1202 2047 Ms.
1220 2006 1339 2047 Leid.
1359 2011 1398 2047 1.
1415 2009 1456 2046 2.
1485 2007 1612 2046 Voss.
1631 2008 1671 2044 2.
1690 2004 1792 2056 [Ed.
1812 2003 1914 2042 Bos.
1933 2006 1974 2043 2.

141 2063 188 2098 et
205 2057 410 2109 tecentt.]
442 2059 530 2098 Sed
549 2058 661 2107 mihi,
680 2059 832 2100 omisso
850 2059 980 2109 reid,
998 2059 1083 2099 Ms.
1115 2061 1229 2100 Dan.
1258 2061 1408 2100 Boecl.
1441 2059 1522 2100 Ed.
1555 2058 1675 2100 Jens.
1707 2056 1829 2097 Med.
1863 2055 1975 2108 Arg.

140 2109 245 2154 Rar-
265 2113 400 2164 Long.
413 2113 530 2163 Mag.
551 2113 704 2154 Lamb.
719 2113 867 2165 steph.
887 2113 1027 2154 Gebh.
1045 2113 1195 2154 Boecl.
1213 2114 1381 2154 Kench.
1400 2114 1500 2154 Bos.
1515 2117 1554 2153 1.
1574 2113 1808 2152 Patav.·—9
1836 2111 1975 2150 Meam

139 2165 220 2206 Ed.
241 2166 361 2208 Jens.
392 2166 515 2206 Med.
547 2166 654 2218 Arg.
686 2167 790 2207 Par.
809 2165 911 2207 Ald.
944 2167 1079 2215 Long-
1112 2167 1261 2208 Lamb.
1281 2168 1431 2220 Steph.
1459 2167 1598 2208 Gebh.
1626 2166 1777 2205 Boecl.
1805 2164 1974 2204 Kench-

138 2217 240 2260 Boo.
261 2224 301 2259 1.
317 2219 455 2261 Heus.
474 2221 581 2272 [Ιώ.
601 2220 780 2272 Bipont.
802 2220 956 2261 Heinr.
977 2221 1188 2261 Schmied.
1204 2220 1345 2262 Paufl.
1363 2222 1442 2261 mei
1457 2221 1538 2260 Ed.
1554 2221 1658 2260 Bos.
1678 2223 1718 2259 2.
1739 2224 1784 2258 et
1805 2217 1974 2268 reik]—

140 2275 208 2312 lot
226 2271 573 2323 consuet-mutim,
603 2275 725 2319 Leid.
755 2278 796 2316 2.
824 2275 905 2315 Ed.
924 2274 1046 2316 Jens.
1070 2275 1189 2315 Med.
1208 2276 1310 2316 Par.
1343 2275 1458 2315 Ante
1490 2273 1777 2325 locupletam.
1796 2273 1970 2323 Mag.—

141 2329 191 2366 11
223 2327 294 2366 Sic
313 2328 443 2367 etiam
476 2328 559 2368 Ms.
578 2329 700 2368 Voss.
732 2331 771 2369 2.
801 2328 934 2379 [Edd.
953 2327 1105 2368 Lamb.
1123 2328 1226 2368 Bos.
1247 2336 1292 2368 et
1312 2328 1453 2382 seqq]
1507 2327 1593 2368 Sed
1613 2328 1665 2366 ad
1684 2325 1865 2366 Siciliam
1885 2324 1973 2365 Ma.

140 2379 264 2422 Leid.
281 2383 322 2421 2.
343 2381 425 2420 Ed.
444 2380 565 2422 Jens.
582 2381 702 2421 Med.
726 2380 829 2433 Arg.
848 2382 952 2424 Par.
972 2381 1075 2423 ΑΜ.
1097 2383 1233 2435 Long.
1255 2383 1372 2436 Mag.
1404 2381 1591 2422 Cidliam
1609 2381 1692 2422 Ma.
1711 2380 1837 2420 Voss.
1860 2382 1899 2419 1.
1919 2379 1972 2417 ad

138 2432 323 2476 Silia-ium
341 2435 427 2475 Me.
446 2434 695 2488 Long.-l2
722 2434 816 2476 Suis
834 2435 919 2476 Με.
939 2435 1064 2475 Leid.
1084 2439 1125 2477 2.

961 2562 1143 2604 NOTAE

136 2666 367 2715 ,tyrannum
406 2661 613 2713 ejecerat,
654 2663 700 2700 et
746 2658 1020 2711 Phrynonem
1089 2657 1172 2708 cia,
1202 2657 1341 2698 sedin
1361 2656 1630 2709 Pamphylia,
1643 2666 1780 2708 prope
1800 2654 1967 2708 Aspen-

136 2725 322 2778 Wtium
361 2723 513 2763 ducem
549 2723 593 2762 in
636 2722 841 2776 singulari
880 2726 1021 2762 certa·
1089 2720 1191 2760 dum
1220 2720 1414 2772 ejusdem
1437 2719 1624 2771 regionis
1643 2719 1807 2771 urbem,
1836 2725 1970 2760 noctu

137 2782 268 2841 niiiie,
283 2786 366 2827 reti
381 2786 543 2839 injecto
557 2785 827 2838 implicitum,
847 2796 1021 2838 supera·
1089 2785 1131 2825 in
1163 2784 1314 2825 castris
1343 2782 1622 2824 interfectum
1655 2781 1788 2823 fnisse
1818 2782 1972 2824 scribit

140 2849 286 2893 verat:
309 2848 438 2905 ,Vide
459 2848 692 2900 Laenium,
712 2849 884 2890 ibidem.
903 2851 905 2853 ’
1088 2848 1288 2901 Xenoph.
1305 2848 1381 2888 lib.
1402 2859 1465 2888 iv.
1487 2850 1553 2888 17.
1857 2851 1859 2854 “
1961 2856 1967 2895 ζ

193 2914 206 2940 ⁸
224 2910 299 2971 Ad
314 2911 495 2963 Ciliciam
507 2911 735 2968 appulisset]
754 2911 1043 2964 ‘Ciliciam-⁴
1142 2917 1162 2940 ¹¹
1188 2914 1225 2953 A
1245 2911 1441 2963 barbaris]
1470 2911 1569 2952 Hoc
1601 2914 1684 2961 est,
1713 2908 1767 2949 ab
1799 2898 1970 2961 Aspen:

140 2977 211 3020 die
236 2972 499 3023 Communia,
542 2977 670 3028 regio·
694 2981 758 3016 est
795 2975 837 3016 iu
865 2976 1019 3017 minori
1087 2976 1184 3026 diis,
1202 2975 1276 3029 qui
1295 2983 1472 3027 propter
1492 2985 1689 3026 agrorum
1708 2984 1878 3013 suorum
1898 2972 1973 3013 de·
1998 2999 2001 3003 -

140 3041 262 3092 Asia,
296 3039 433 3092 Syriae
466 3038 678 3091 proxima,
707 3039 852 3080 Tauro
883 3039 1019 3079 monti
1086 3039 1373 3080 vastationem
1410 3037 1454 3077 in
1492 3048 1589 3077 eum
1626 3034 1800 3080 infensi.
1835 3038 1968 3074 noctu

140 3106 351 3160 subJecta.
406 3103 538 3146 Hune
568 3109 711 3145 tamen
743 3114 827 3144 non
855 3102 899 3144 in
917 3101 1019 3144 Cili-
1087 3102 1195 3143 urbe
1213 3113 1292 3142 sua
1309 3105 1583 3156 erumpentes
1602 3097 1886 3142 trucidarunt.
