2326 3860
734 262 1042 303 AUCTORIS
1084 265 1568 307 PRAEFATIONEM.

239 386 332 418 rum
350 378 546 420 ludorum
566 378 831 432 flagitatores
849 383 981 424 Deos.
1038 384 1119 424 Ro·

237 442 355 483 mani
391 454 509 494 vero,
543 443 783 484 homiuibus
820 445 1002 485 scenicis
1037 458 1117 486 nec

238 505 449 556 plebeiam
483 506 674 557 tribum,v
691 513 852 560 quanto
881 509 1015 549 minus
1040 510 1115 550 Se·

237 568 466 620 natoriam,
483 568 750 610 dehonestari
768 570 955 611 sinunt.'·
994 572 1115 614 Hinc

237 643 370 685 genus
397 634 441 675 id
470 634 686 676 hominum
704 647 787 676 uon
808 636 934 677 modo
950 636 1113 679 honore

236 697 392 738 civium
412 698 668 752 reliquorum
689 711 857 751 carere,
876 699 952 740 sed
985 701 1113 741 etiam

236 759 349 800 tribu
379 761 557 811 moveri,
583 762 804 802 notatione
822 764 1022 804 censoria
1039 777 1112 804 vo-

233 823 420 865 luerunt.
496 825 619 865 Idem
655 824 883 878 Augustin.
921 826 977 867 de
1015 827 1109 869 Civ.

234 886 323 926 Dei
343 898 395 928 ιι.
412 890 476 929 13.
530 889 713 930 Quintil.
742 889 884 931 instit.
905 902 978 931 111.
1013 903 1111 944 cap.

232 952 273 990 8.
307 953 310 956 ’
329 950 484 991 Cicero
501 963 579 1003 pro
594 952 815 995 Quinctio.

284 1013 415 1066 Atque
431 1014 480 1053 ab
507 1014 706 1055 honestate
721 1021 870 1058 remota
894 1018 1110 1071 ponuntur]

229 1075 434 1117 Praetoris
452 1078 567 1118 enim
587 1078 730 1119 edicto
748 1080 820 1133 qui
835 1081 1110 1132 pronuntian-

230 1138 275 1179 di
293 1137 444 1180 caussa
462 1138 505 1180 in
523 1153 692 1181 scenam
725 1143 980 1194 prodiissent
1002 1143 1109 1184 infa-

227 1202 319 1243 mia
347 1203 624 1254 notabantur,
655 1210 704 1246 ut
735 1205 930 1247 Julianus
959 1207 1109 1248 retulit

228 1265 327 1317 lege
345 1267 484 1320 prima
499 1266 544 1309 ff.
576 1268 633 1308 de
650 1269 713 1309 his
731 1269 806 1322 qui
826 1275 1029 1311 notantur
1046 1271 1108 1311 in-

226 1327 368 1371 famia.
415 1332 781 1374 Quemadmodum
797 1335 1108 1376 recentioribus

226 1405 397 1447 quoque
411 1396 675 1448 temporibus
688 1397 947 1440 Theodosius
965 1400 1107 1452 Impe-

226 1462 347 1497 rator
363 1458 460 1511 lege
480 1470 542 1500 iv.
562 1460 613 1501 C.
633 1460 687 1500 de
704 1460 952 1514 Spectacul.
969 1463 1106 1504 sceni-

225 1520 287 1560 cis
317 1525 366 1562 et
396 1522 634 1575 lenonibus,
660 1524 734 1565 lib.
754 1536 821 1566 ix.
850 1527 863 1550 ‘
879 1526 1104 1568 histriones

223 1582 332 1624 viles
349 1589 396 1625 et
414 1585 662 1628 inhonestos
680 1588 884 1630 vocavit?
926 1591 1104 1641 Magius.

224 1647 457 1701 Ponuntur]
497 1648 741 1692 Habentur.
776 1651 1022 1694 Translatio
1039 1653 1103 1694 in·

222 1710 370 1762 signis*
400 1723 427 1751 a
469 1712 798 1754 calculatoribus
843 1715 990 1766 ducta,
1030 1716 1103 1770 qui

222 1780 352 1827 prout
382 1776 592 1817 calculum
624 1778 862 1829 posuerint,
878 1778 941 1820 ita
972 1780 1102 1821 valet.

220 1837 364 1880 Alcib.
391 1840 406 1862 ‘
426 1850 481 1879 ne
506 1839 546 1880 ei
576 1851 655 1892 par
686 1840 730 1880 in
760 1840 939 1882 civitate
968 1854 1102 1894 pone-

219 1906 341 1943 retur
357 1902 578 1956 quisquam
597 1906 626 1943 :’
651 1902 755 1944 ibid.
773 1904 786 1927 ‘
803 1905 954 1958 quibus
973 1906 1102 1948 rebus

219 1965 415 2007 effecisse
433 1980 445 2017 3
476 1973 524 2008 ut
543 1968 657 2021 apud
673 1980 950 2023 quoscunque
969 1976 1102 2022 esset,

219 2031 422 2083 princeps
456 2031 718 2083 poneretur.’
789 2034 933 2074 Valer.
958 2046 1029 2075 ιιι.
1057 2039 1098 2076 8.

217 2097 305 2134 ext.
337 2097 377 2134 6.
423 2094 615 2134 ‘amicos
642 2093 935 2148 inimicosque
970 2097 1100 2149 juxta
1156 2127 1162 2133 .

218 2166 379 2208 ponere
395 2155 424 2196 ε’
448 2162 495 2197 et
513 2157 539 2197 l.
558 2168 621 2198 ιν.
639 2160 679 2198 3.
692 2160 745 2198 4..
771 2157 1017 2200 Gebhardus.

272 2219 422 2259 Contra
438 2219 504 2271 ea]
547 2220 585 2260 E
598 2220 740 2272 prisco
758 2231 892 2261 more.
948 2222 1098 2263 Caesar

216 2283 272 2323 de
292 2283 345 2324 B.
365 2283 421 2324 G.
441 2294 485 2324 v.
502 2285 570 2324 29.
584 2283 612 2305 “
631 2283 795 2324 Contra
826 2296 878 2324 ea
895 2285 1096 2327 Tuturius

217 2357 312 2386 sero
331 2345 559 2387 factituros
578 2346 826 2387 clamitabat
843 2347 871 2385 τ’
899 2354 945 2388 et
963 2348 1018 2389 de
1042 2350 1092 2390 Β.

214 2411 264 2451 C.
283 2421 356 2452 ιιι.
373 2413 441 2451 74.
497 2410 642 2462 Nepos
661 2410 705 2450 iu
725 2410 866 2452 Alcib.
894 2414 907 2435 ‘
931 2412 1094 2454 Contra

213 2486 264 2514 ea
285 2475 319 2514 si
340 2474 442 2527 quid
461 2473 630 2514 adversi
648 2474 906 2516 accidisset?
957 2476 1029 2516 Sic
1045 2481 1094 2517 et

211 2537 261 2577 in'
274 2536 495 2589 Iphicrate
515 2541 561 2578 et
580 2538 776 2590 Epamin.
801 2551 895 2592 quoe
916 2540 1010 2580 loca
1029 2546 1092 2581 ta·

211 2612 309 2641 men
328 2601 455 2654 vulgo
475 2605 575 2642 sunt
591 2600 862 2654 interpolata.
893 2601 1091 2644 Gebhard.

211 2663 353 2708 Lumb.

264 2727 394 2773 ‘Quem
423 2728 526 2768 enim
559 2728 821 2768 Romanorum
846 2730 970 2781 pudet
997 2742 1091 2770 uxo·

210 2792 294 2832 rem
335 2793 472 2832 ducere
513 2793 558 2833 ia
597 2795 833 2848 convivium]
885 2796 1091 2848 Explicat

210 2854 522 2896 eruditissimus
554 2856 753 2898 Muretus
782 2859 950 2900 Variar.
970 2861 1091 2902 Lect.

210 2929 252 2958 v.
269 2919 310 2959 2.
357 2918 512 2960 Schott.
578 2919 793 2961 Notauter
809 2922 976 2975 accipio
994 2936 1089 2963 uxo·

207 2995 302 3024 rem.
358 2983 468 3023 Nam
494 2982 692 3036 Virgines
721 2983 906 3037 acerbae,
934 2985 978 3025 id
1005 2990 1088 3035 est,

206 3045 459 3097 immaturae,
477 3045 736 3086 arcebantur
761 3059 785 3087 a
803 3048 1022 3101 conviviis,
1041 3055 1088 3091 ut

209 3114 277 3149 est
312 3107 425 3160 apud
464 3109 666 3149 Nonium.
723 3109 902 3152 Boecler.
975 3112 1087 3152 Vide

210 3171 326 3223 Lips.
358 3170 412 3210 ad
440 3170 543 3210 Tac.
568 3169 723 3211 Annal.
755 3171 829 3213 lib.
855 3183 922 3214 ιι.
949 3174 962 3196 ‘
982 3174 1087 3215 Per-

207 3239 503 3284 cunctaretur,
532 3244 612 3274 cur
651 3233 743 3274 sine
776 3246 910 3275 uxore
944 3236 1085 3277 discu-

206 3294 396 3336 buissct.'

261 3359 354 3400 Non
402 3359 572 3412 primum
611 3359 734 3399 locum
781 3364 886 3401 tenet
921 3361 1084 3416 adium]

207 3422 304 3464 Non
326 3428 413 3464 stat
438 3422 482 3463 in
513 3422 650 3475 prima
669 3427 791 3476 parte
810 3424 976 3475 domus,
1003 3425 1084 3467 hoc

207 3491 289 3539 est,
320 3486 360 3527 ἐν
379 3485 563 3540 προθύρῳ,
582 3492 626 3529 et
658 3487 700 3529 iu
733 3489 827 3529 loco
856 3489 1018 3531 celebri
1038 3502 1083 3531 se

1953 259 2061 309 405

1179 385 1458 438 spectandam
1490 386 1689 439 praebet?
1729 386 1969 440 Xenophon
1989 389 2063 430 (Ε-

1179 450 1431 490 conomico:
1460 451 1512 503 τῇ
1532 447 1604 499 μὲν
1631 449 1709 502 γὰρ
1733 449 1888 501 γυναικὶ
1899 448 2056 490 κάλλιοι

1177 509 1318 559 μένειν-
1335 510 1458 564 ἔνδον,
1493 513 1519 561 ἢ
1536 538 1539 539 ⁷
1554 516 1768 566 θυραυλεῖν·
1794 517 1852 565 τῷ
1887 514 1922 554 δ’
1957 513 2063 567 ἀνδρὶ

1179 573 1338 626 αἴσχιον
1368 574 1478 617 ἔνδον
1508 575 1650 630 μένειν,
1675 576 1701 625 ἢ
1727 580 1806 618 τῶν
1832 577 1902 629 ἔξω
1931 579 2062 629 ἐπιμε-

1175 638 1341 681 λεῖσθαι.
1386 639 1567 682 Lambin.
1635 641 1821 681 Primum
1842 642 1981 682 locum
2004 654 2061 683 ae-

1176 702 1310 755 dium,
1343 715 1451 756 cape
1484 705 1653 745 atrium.
1719 704 1891 756 Lipsius
1917 705 2059 746 Elect-

1177 776 1211 807 1.
1230 769 1294 807 17.
1351 766 1561 808 Horatius
1588 768 1602 790 ‘
1623 767 1791 809 aulam’
1819 773 1974 807 vocat:
2011 772 2058 808 et

1176 831 1366 884 explicat
1407 833 1547 872 Vetus
1595 831 1891 872 Glossarium:
1939 831 2059 883 αὐλὴ,

1174 895 1334 935 atrium.
1389 893 1630 935 Arnobius:
1660 895 1674 917 ‘
1694 900 1852 934 matres
1871 893 2056 935 familias

1175 962 1333 998 vestrae
1371 957 1493 999 atriis
1539 962 1776 1010 operantur
1815 957 2057 1007 domorum,

1173 1019 1403 1061 industrias
1441 1020 1727 1061 testificantes
1772 1019 1899 1061 suas.'
1965 1021 2055 1061 Iste

1172 1083 1289 1124 locus
1310 1083 1404 1123 aliis
1424 1082 1693 1124 Andronitis.

1226 1146 1277 1186 In
1294 1146 1519 1186 celebritate
1537 1145 1734 1197 versatur]
1791 1145 1910 1186 Nihil
1931 1144 2055 1185 Cice-

1171 1209 1265 1250 roni
1293 1209 1560 1263 frequentius
1587 1222 1728 1263 quam,
1747 1221 1824 1261 pro
1847 1213 1960 1249 caetu
1979 1209 2054 1248 bo-

1169 1274 1448 1322 noratiorum,
1497 1273 1696 1325 accipere
1738 1271 2057 1313 celebritatem.

1170 1337 1242 1378 Sic
1272 1343 1284 1361 ‘
1304 1338 1387 1379 loci
1409 1337 1732 1379 celebritatem’
1760 1337 1874 1378 dixit
1899 1337 1954 1376 ad
1973 1337 2054 1376 Te-

1169 1400 1378 1442 rentiam:
1407 1402 1420 1424 ‘
1439 1402 1534 1442 Viae
1548 1400 1561 1420 '
1590 1401 1643 1441 ad
1665 1400 1860 1441 Atticum
1879 1401 1960 1452 Ep.
1979 1411 2052 1440 nr·

1167 1465 1208 1503 7.
1233 1462 1246 1484 ‘
1262 1461 1606 1505 Refertissimum
1637 1463 1891 1504 celebritate
1929 1463 2053 1503 thea-

1169 1525 1312 1577 tru·m,'
1355 1526 1409 1567 ad
1442 1527 1592 1570 Quint.
1623 1525 1723 1568 frat.
1778 1526 1866 1567 Pro
1899 1526 2050 1578 Sylla:

1166 1589 1179 1613 ‘
1201 1590 1317 1632 Quae·
1330 1589 1507 1637 domus?
1549 1602 1644 1643 quae
1676 1589 1916 1630 celebratio
1947 1602 2052 1643 quo·

1167 1652 1329 1693 tidiana
1341 1653 1372 1693 θ’
1399 1653 1583 1696 Quintil.
1601 1654 1802 1694 Declam.
1826 1657 1921 1695 265.
1935 1654 1948 1674 ‘
1969 1654 2050 1695 Ce-

1163 1714 1414 1756 leberrimas
1433 1714 1553 1756 vias)
1606 1715 1745 1757 Tacit.
1772 1717 1786 1740 ‘
1810 1716 2051 1757 celeberri-

1163 1790 1279 1818 mum
1309 1777 1421 1830 fori,'
1450 1778 1559 1819 dixit
1575 1778 1692 1821 nist.
1711 1791 1778 1821 ιν.
1799 1783 1867 1822 67.
1922 1781 2047 1832 Sym—

1163 1842 1302 1882 mach.
1333 1842 1417 1895 Ep.
1437 1853 1489 1882 ιι.
1521 1846 1589 1884 26.
1617 1843 1631 1865 ‘
1652 1843 1844 1884 Celebris
1876 1844 2046 1884 habita-

1163 1904 1224 1944 tio
1239 1904 1287 1955 3',
1311 1909 1359 1945 ut
1391 1906 1580 1946 restituit
1612 1918 1789 1959 magnus
1813 1906 1979 1959 judicio
1998 1913 2046 1948 et

1162 1969 1330 2010 meritis
1363 1970 1406 2009 in
1436 1970 1606 2010 litteras
1635 1969 1823 2010 Gronov.
1855 1969 2046 2011 Observ.

1162 2043 1232 2072 ιιι.
1254 2035 1318 2073 16.
1346 2033 1570 2083 Kirclamaj.

1216 2095 1324 2135 Nam
1350 2107 1470 2147 neque
1500 2096 1543 2136 in
1570 2096 1792 2137 convivium
1821 2097 2046 2151 adhibetur]

1159 2157 1346 2198 Videtur
1362 2158 1404 2198 id
1433 2163 1482 2198 et
1500 2158 1721 2200 Vitruvius
1752 2162 2041 2201 annotassel.

1159 2232 1222 2262 Vl.
1254 2225 1321 2263 10.
1359 2222 1572 2263 ‘Habent
1607 2222 1751 2265 autem
1789 2236 1853 2265 eae
1891 2224 2041 2266 domus

1158 2283 1452 2338 [Graecorum]
1484 2286 1698 2327 vestibula
1713 2287 1904 2340 egregia,
1923 2300 2039 2329 oecos

1156 2347 1386 2400 quadratos
1419 2354 1514 2389 tam.
1553 2350 1697 2403 ampla
1728 2351 2039 2404 magnitudine,

1156 2409 1221 2449 uti
1253 2409 1438 2451 faciliter
1456 2411 1516 2451 in
1544 2411 1595 2452 iis
1625 2412 1822 2454 tricliniis
1853 2418 2038 2467 quatuor

1153 2472 1300 2513 stratis
1342 2473 1707 2515 ministrationum
1756 2475 2037 2530 ludorumque

1153 2536 1297 2588 operis
1316 2537 1434 2578 locus
1454 2543 1600 2590 posset
1620 2549 1714 2578 esse
1731 2539 1953 2591 spatiosus.
1983 2539 2035 2580 In

1152 2603 1217 2644 his
1237 2603 1340 2645 oecis
1359 2602 1469 2645 fiunt
1494 2605 1694 2646 convivia
1724 2606 1878 2647 virilia.
1932 2606 2034 2648 Non

1152 2666 1266 2706 euim
1284 2665 1426 2708 fuerat
1445 2667 1692 2709 institutum
1724 2674 1883 2710 matres
1912 2667 2034 2709 fami-

1151 2730 1304 2770 liarum
1334 2742 1479 2772 eorum
1514 2731 1698 2773 moribus
1745 2732 2032 2773 accumbere?

1153 2794 1211 2833 Et
1229 2793 1357 2845 paulo
1376 2800 1490 2846 post,
1514 2796 1526 2817 ‘
1550 2794 1693 2836 Graeci
1713 2796 1824 2836 enim
1843 2795 2034 2848 ἀνδρῶνας

1152 2856 1375 2908 appellant
1407 2869 1536 2909 oecos,
1565 2857 1636 2898 ubi
1668 2858 1866 2899 convivia
1895 2859 2033 2899 virilia

1151 2920 1291 2959 solent
1309 2931 1421 2971 esse,
1441 2919 1629 2973 quodeo
1648 2920 1844 2962 mulieres
1859 2931 1942 2961 uon
1961 2934 2032 2964 ac-

1150 2980 1334 3022 cedant?
1364 2982 1532 3034 Lvngol.
1590 2982 1635 3023 ‘O
1653 2983 1845 3036 τρίκλινοι
1863 2983 1966 3024 οἶκος
1984 2990 2030 3025 et

1149 3045 1171 3084 ὁ
1189 3045 1333 3097 ἀνδρῶν
1352 3044 1516 3085 Graecis
1535 3047 1740 3086 conclave
1756 3052 1866 3098 erat,
1882 3047 1924 3086 in
1946 3058 2029 3099 quo

1150 3109 1286 3149 virilia
1304 3108 1498 3149 convivia
1517 3108 1695 3160 fiebant,
1725 3108 1778 3149 ad
1808 3121 1904 3161 quoe
1937 3121 2027 3149 mu·

1147 3172 1323 3212 lieribus
1342 3182 1459 3211 more
1478 3171 1636 3211 Graeco
1657 3183 1740 3211 non
1760 3170 2027 3211 dabuturac·

1147 3246 1307 3275 cessus.
1361 3234 1502 3274 Latini
1531 3233 1785 3287 quandoque
1812 3235 2029 3275 triclinium

1146 3303 1319 3347 vocant,
1336 3295 1603 3348 frequentius
1623 3307 1711 3336 rem
1732 3296 1865 3348 ipsam
1897 3299 2026 3338 convi-

1144 3361 1262 3401 vium.
1312 3360 1470 3400 Pollux
1490 3360 1578 3399 haec
1595 3359 1803 3400 vocabula
1822 3365 2026 3415 tauquam

1146 3435 1384 3476 synonyma
1416 3421 1565 3471 refert,
1602 3421 1831 3474 συμπόσιον,
1876 3424 1948 3478 qui
1979 3431 2025 3465 et

1146 3488 1263 3529 locus
1283 3486 1467 3528 convivii
1494 3492 1575 3538 cst,
1603 3484 1815 3541 συσσίτιον,
1839 3487 2023 3540 ἀνδρῶνα,
