2326 3860
311 244 420 299 342
854 294 858 300 .
896 262 900 267 ’
932 262 1229 303 coRNELn
1269 263 1531 321 Nssporls

319 396 446 447 quae
485 379 827 448 antiquitate,
865 381 1226 449 humanitate,
1263 382 1532 435 doctrina⁹
1573 386 1862 451 praestaret
1900 383 2136 453 omnes,k

315 481 456 522 unus
483 463 535 516 ei
563 469 686 516 ante
709 465 849 517 alios
872 465 1034 518 fuerit
1058 467 1401 529 carissimus,
2017 512 2030 519 -
2058 466 2061 468 ”

386 550 438 601 4.
480 548 631 602 Huc¹
660 566 733 602 ex
758 548 902 602 Asia
928 550 1083 619 Sylla
1107 547 1397 602 decedens¹
1427 566 1552 602 cum
1577 551 1837 615 venisset,
1871 555 2136 622 ‘quamdiu

316 634 395 686 ibi
418 633 539 697 fuit,
579 650 766 686 secum
789 634 986 686 habuit
1010 634 1402 701 Pomponium,
1442 639 1638 702 captus
1681 637 2045 693 adolescentis
2082 645 2141 694 et

268 732 270 735 ’
317 718 680 772 humanitate2
719 724 773 770 et
807 719 1076 772 doctrina.
1151 719 1247 771 Sic
1273 720 1417 771 enim
1445 719 1663 772 Graece³
1691 723 2039 790 loquebatur,
2076 730 2141 779 ut

319 804 548 859 Athenis
583 809 745 856 natus
770 804 1059 857 videretur.
1132 803 1312 856 Tanta
1346 810 1556 856 autem⁴
1593 806 1839 859 suavitas
1876 814 1992 862 erat
2012 815 2141 862 'ser-'

321 890 499 941 monis
524 887 727 951 Latini,
764 893 826 940 ut
852 893 1166 956 appareret,
1205 889 1263 940 in
1287 905 1354 940 eo
1383 890 1626 941 nativum
1668 891 1946 958 quendam
1981 893 2141 962 lepo-

319 990 435 1026 rem
477 990 618 1037 esse,
655 989 766 1025 non
805 973 1060 1025 ascitum.
1153 971 1310 1024 Idem
1349 971 1608 1039 poemata
1653 977 2052 1042 pronuntiabat
2087 981 2144 1030 et

322 1057 520 1110 Graece
544 1064 601 1109 et
627 1058 917 1121 Latine‚⁵¹¹¹
941 1058 1043 1118 sic,
1068 1060 1128 1108 ut
1152 1072 1321 1126 supra
1341 1057 1472 1109 nihil
1490 1063 1677 1125 posset
1696 1058 1869 1112 ad'di.⁶
1923 1059 2144 1124 Quibus

321 1134 488 1206 rebus
512 1134 718 1195 factum
742 1147 848 1204 est,
875 1146 936 1193 ut
955 1140 1109 1210 Sylla
1130 1147 1420 1209 nusquam⁷
1441 1141 1613 1208 [eum]
1651 1142 1720 1194 ab
1735 1135 1801 1194 'se
1826 1135 2140 1215 dimitteret,

325 1216 657 1296 'cuperetque
707 1242 897 1287 secum
925 1225 1240 1278 deducere.⁸
1315 1223 1429 1290 Qui
1455 1233 1604 1278 cum⁹
1628 1220 2145 1294 persuadere¹⁰'ten-

321 1315 486 1365 taret:
518 1315 533 1338 ‘
552 1311 708 1376 Noli,
730 1329 824 1364 oro
850 1310 937 1375 te,'
961 1311 1142 1379 inquit
1161 1311 1576 1379 PomponiUS‚¹¹
1605 1314 1623 1338 ‘
1642 1311 1934 1369 adversum
1948 1302 2146 1367 eosme

1089 1434 1386 1451 “ecoe-essere

321 1511 450 1551 etiam
471 1512 552 1552 Ms.
571 1511 767 1552 Mendes.
796 1511 891 1563 [sed
908 1511 1158 1563 doctrinaque
1178 1511 1257 1552 Ed.
1276 1512 1388 1551 Ven.
1408 1511 1563 1563 Long]
1591 1511 1698 1552 Mox
1717 1512 1754 1552 ei
1769 1523 1868 1552 uitus
1884 1511 1966 1554 Ed.
1993 1512 2148 1576 [vem]

320 1565 425 1617 Arg.
446 1567 579 1616 Long.
599 1566 747 1606 Lamb.
777 1565 921 1606 Schot.
945 1565 1084 1606 Gebh.
1104 1565 1269 1605 Keuch.
1325 1565 1410 1605 Sed
1438 1577 1538 1606 unus
1564 1565 1602 1604 ei
1622 1567 1702 1606 Ms.
1728 1566 1922 1607 Mendos.
1954 1562 2044 1608 Grf.
2064 1565 2147 1607 Ed.

319 1619 495 1672 [antiq.]
523 1619 643 1659 Brix.
672 1619 793 1670 [Bos.
813 1623 853 1660 2.
878 1625 922 1659 et
941 1618 1078 1671 seqq]
1103 1618 1187 1660 Ab.
1210 1619 1290 1660 Ed.
1311 1620 1459 1659 Boecl.
1475 1620 1576 1658 Bos.
1594 1622 1630 1659 1.
1650 1619 1774 1659 abest
1789 1619 1838 1659 τὸ
1854 1620 1904 1660 ei.

374 1677 396 1713 1
428 1673 548 1713 Hunc
579 1673 660 1713 Ms.
699 1672 820 1714 Voss.
840 1677 876 1713 1.
919 1672 1027 1712 Mox
1058 1673 1169 1724 Sylla
1203 1672 1282 1713 Ed.
1314 1673 1434 1713 Brix.
1469 1672 1614 1712 Lamb.
1643 1673 1790 1714 Schot.
1809 1673 1957 1714 Boecl.
1977 1672 2079 1714 Bos.
2107 1675 2147 1713 1.

320 1727 477 1779 ubique
495 1741 505 1766 2
537 1727 659 1780 [Silta
674 1726 754 1766 Ed.
775 1732 861 1766 ant.
883 1726 994 1765 Dein
1012 1727 1192 1777 qnoniam
1209 1726 1266 1765 ibi
1275 1725 1364 1774 fuit
1383 1726 1465 1766 Ed.
1486 1732 1572 1766 vet.
1592 1726 1757 1777 Schleg.
1785 1728 1964 1779 quoniam
1991 1718 2061 1766 diis
2091 1725 2148 1766 ibi

311 1780 399 1830 fuit
418 1780 500 1820 Ed.
521 1782 625 1830 ant]
651 1781 757 1819 Mox
781 1781 964 1819 decedens
980 1781 1215 1819 convenisset
1234 1781 1320 1820 Ms.
1340 1780 1461 1820 Leid.
1478 1783 1601 1819 2.—2
1629 1780 1744 1821 Adol.
1760 1781 1863 1821 hum.
1883 1779 1964 1820 Ed.
1978 1779 2149 1821 Kench.

320 1838 399 1874 —3
430 1834 585 1874 Graecae
604 1833 686 1873 Ed.
709 1833 823 1873 Med.
844 1832 1034 1884 Arg.-—4
1056 1834 1175 1872 Enim
1191 1833 1407 1872 Ms.Leid.
1428 1837 1466 1872 2.
1496 1833 1652 1872 Statim
1671 1839 1757 1873 erat
1775 1847 1883 1874 suaa.
1916 1833 2017 1885 [Ed.
2034 1833 2149 1873 Ven.

320 1889 475 1940 Long.]
506 1887 643 1928 Gebh.
675 1886 839 1926 Keuch.
870 1886 1023 1926 Patav.
1045 1886 1121 1926 sed
1138 1886 1311 1925 suavitas
1329 1890 1415 1925 erat
1434 1886 1517 1926 Ms.
1533 1886 1727 1926 Mendos.
1747 1887 1838 1927 Gis.
1858 1888 1924 1927 Ed
1969 1884 2148 1939 [antiq]

320 1941 441 1981 Brix.
461 1941 582 1981 Med.
603 1939 708 1989 Arg.
735 1939 854 1990 [Bos.
873 1945 919 1979 et
938 1939 1157 1992 seqq.]—5
1189 1940 1245 1978 Et
1264 1940 1475 1991 Graeceque
1489 1939 1632 1979 Latine
1650 1940 1732 1980 Ms.
1754 1941 1878 1980 Voss.
1897 1943 2020 1980 3.-’6
2037 1939 2149 1982 Adai

321 1998 417 2035 erat
446 1993 491 2033 in
525 1995 609 2034 Ms.
640 1992 728 2034 Gif.
750 1993 869 2032 Med.
897 1997 936 2032 l.
974 1996 1015 2032 2.
1053 1992 1176 2032 Leid.
1200 1995 1240 2031 2.
1267 1993 1394 2031 Voss.
1414 1996 1453 2032 1.
1474 1992 1671 2032 Mendos.
1700 1993 1802 2045 [Ed.
1822 1993 1954 2043 antiq.
1973 1998 2020 2034 et
2034 1993 2148 2033 Ven.

319 2049 458 2098 Long.
485 2044 580 2088 Bos.
597 2051 638 2087 2.
657 2047 774 2086 Stav.
796 2050 834 2086 l.
850 2050 890 2086 2.
918 2050 964 2086 et
982 2046 1116 2097 plurr.
1142 2044 1288 2096 seqq]
1309 2044 1475 2085 Aberat
1493 2057 1519 2085 a
1534 2045 1620 2085 Ms.
1653 2046 1780 2087 Voss.
1810 2050 1849 2086 3.
1881 2046 1964 2087 Ea.
1992 2045 2148 2092 Lemb.

319 2101 465 2142 Schot.
484 2102 632 2142 Boecl.
663 2101 830 2140 Keuch.
864 2101 961 2139 Bos.
993 2103 1032 2139 1.
1060 2097 1280 2148 [Amstel.]
1317 2099 1449 2139 Uneis
1478 2098 1649 2138 inclusit
1689 2099 1995 2151 limminga-us,
2021 2098 2148 2150 [item

320 2155 440 2195 Stav.
457 2155 499 2194 in
518 2155 587 2195 ed.
606 2158 644 2194 3.
665 2166 746 2193 nec
778 2152 993 2204 improbat
1021 2153 1160 2192 Wetz.
1190 2152 1264 2191 sed
1301 2151 1408 2192 bene
1431 2158 1576 2192 tuetur
1606 2152 1945 2204 Tzschuck.]——⁷
1973 2153 2044 2192 Sic
2063 2152 2150 2194 Ms-

320 2208 441 2248 Leid.
461 2213 501 2249 2.
522 2207 610 2248 Gif.
627 2208 772 2248 Schot.
795 2207 877 2247 Ed.
905 2206 1058 2259 [antiq.
1074 2211 1120 2245 et
1138 2205 1268 2256 Ven.]
1297 2205 1415 2246 Brix.
1435 2205 1554 2245 Med.
1582 2204 1687 2258 Arg.
1704 2206 1860 2258 [Long.
1877 2206 2025 2247 Lamb.
2044 2206 2150 2246 Bos.

320 2262 525 2355 302&
540 2260 976 2367 Effe‘ffiffntmfft‘mv'ssdj
1003 2259 1144 2352 ‘1352ss-
1166 2259 1813 2364 ¹151321⁰¹¹zaffafftssn‘ss‘mflssssss‘
1829 2259 2151 2355 mimz}

433 2343 443 2355 ο
491 2346 502 2356 .
613 2345 621 2354 ο
750 2344 760 2354 ι
945 2342 955 2353 ι
1127 2342 1137 2352 ο
1279 2340 1290 2352 ο
1416 2340 1426 2352 ο
1570 2341 1610 2363 βο
1783 2342 1793 2354 ο
2098 2359 2100 2361 ¹
2133 2334 2151 2345 ⁸

322 2374 424 2409 runt
441 2371 540 2410 Bos.
563 2370 606 2408 in
623 2368 692 2408 ed.
713 2371 754 2407 2.
772 2368 892 2407 Stav.
919 2367 1057 2406 Heus.
1086 2364 1208 2406 Harl.
1229 2365 1492 2416 Tzschuck.]
1519 2366 1621 2405 unci
1639 2366 1796 2406 absunt
1814 2366 1867 2407 ab
1900 2367 1979 2406 Ed.
2000 2365 2149 2407 Lamb.

322 2423 468 2463 Schot.
500 2423 638 2463 Gebh.
669 2422 815 2460 Boecl.
844 2420 1010 2460 Kench.
1031 2420 1133 2459 Bos.
1151 2423 1189 2459 1.
1217 2419 1322 2469 [Ith.
1354 2420 1499 2459 Brem.
1519 2420 1658 2461 Wetz.
1685 2420 1918 2472 Schmied.]
1945 2421 2051 2460 Tum'
2069 2431 2150 2460 ase

322 2477 404 2516 Ed.
425 2477 559 2527 Long.
581 2475 719 2516 Gebh.
776 2474 863 2515 Sed
890 2474 939 2513 ab
952 2486 992 2513 se
1022 2473 1107 2513 Ms.
1134 2473 1332 2513 Mendes.
1351 2473 1472 2513 Voss.
1495 2477 1530 2513 l.
1553 2476 1592 2512 3.
1615 2473 1734 2514 Leid.
1754 2477 1795 2513 2.
1817 2473 1896 2514 Ed.
1925 2473 2082 2526 [antiq.
2100 2477 2149 2514 et

321 2530 454 2581 Ven.]
482 2530 604 2571 Brix.
623 2527 742 2568 Med.
764 2526 868 2580 Arg.
899 2525 1066 2579 [Lamb.
1085 2527 1185 2566 Bos.
1217 2533 1262 2565 et
1280 2525 1503 2578 seqq.]—8
1533 2527 1717 2577 caperet,
1733 2527 1822 2578 quia
1847 2539 1974 2567 secum
1990 2528 2151 2567 deduce-

319 2587 383 2623 ret
405 2584 492 2624 Ms.
526 2584 651 2624 Voss.
670 2584 794 2621 3.--9
820 2581 891 2621 Sic
924 2582 1007 2620 Ms.
1035 2580 1159 2619 Voss.
1192 2584 1231 2620 1.
1251 2583 1291 2619 3.
1329 2578 1450 2619 Leid.
1482 2582 1520 2620 2.
1563 2580 1665 2631 [Ed.
1695 2581 1803 2620 Veu.
1825 2580 1959 2630 Long.
1980 2579 2148 2620 Kench-

322 2636 504 2678 Amstel.
531 2637 597 2688 qai
623 2647 741 2688 qaum
772 2635 854 2674 Ed.
873 2635 1006 2674 Heus.
1035 2633 1152 2673 Stav.
1173 2636 1225 2673 8.-
1250 2633 1373 2672 Harl.
1401 2633 1654 2684 Tzschuck]
1694 2645 1805 2684 quem
1821 2645 1906 2672 cum
1926 2632 2008 2672 Ed.
2025 2632 2150 2673 Brix.

322 2690 379 2743 [q’
405 2691 499 2744 quin
515 2691 695 2741 peu-suad.
714 2692 880 2740 tieptaret
911 2687 990 2727 Ed.
1010 2692 1098 2726 ant.
1117 2687 1185 2738 qai
1201 2686 1294 2738 quin
1314 2685 1394 2726 Ed.
1416 2693 1503 2726 vet.
1521 2686 1690 2737 Schleg.
1717 2688 1879 2726 cuicum
1899 2686 1979 2726 Ed.
1998 2685 2148 2727 bamb.

323 2746 424 2785 Bos.
455 2744 541 2784 Ith‘.
588 2743 706 2784 Stav.
726 2746 764 2781 1.
792 2745 833 2782 2.
866 2741 1002 2781 Wetz.
1030 2740 1369 2790 Schmied.]—1o
1398 2740 1655 2779 Dissuaderet
1688 2750 1764 2791 pro
1793 2751 1924 2790 persu-
1942 2743 2041 2780 tent.
2061 2739 2151 2780 Me.

322 2798 576 2839 Ernst.—11
607 2796 744 2849 Inquit
763 2796 950 2848 Pompon.
979 2793 1097 2834 uncis
1118 2794 1282 2834 inclusa
1307 2793 1466 2832 suntin
1486 2792 1566 2832 Ed.
1586 2791 1800 2844 Arg—12
1827 2792 1899 2833 Sic
1917 2793 2046 2844 etiam
2060 2793 2149 2835 Ma.

1144 2892 1321 2934 NOTAE

375 2990 395 3020 k
426 2991 526 3037 Quae
551 2990 800 3041 antiquitate,
830 2987 1083 3037 humanitate,
1115 2988 1199 3027 doc·
1322 2983 1333 3012 ¹
1358 2984 1453 3026 Huc
1482 2998 1533 3025 ex
1550 2984 1653 3026 Asia
1687 2984 1796 3038 Sylla
1819 2983 2020 3038 decedens]
2061 2985 2150 3028 Qui

321 3055 427 3097 trina
437 3058 644 3108 praestaret
658 3051 806 3103 omnes]
825 3052 934 3091 Haec
950 3055 1048 3090 sunt
1063 3051 1199 3100 elogia
1268 3047 1471 3088 Dictator
1513 3047 1610 3098 fuit,
1646 3056 1869 3101 postquam
1907 3049 2146 3090 Marianam

319 3119 601 3164 Athenarum.
655 3118 874 3158 Quantum
892 3113 946 3153 ad
967 3113 1201 3165 antiquita·-
1266 3110 1495 3151 factionem
1516 3112 1688 3162 penitus
1707 3112 1884 3153 delevit.

320 3186 426 3231 tem,
444 3182 538 3222 haee
555 3180 669 3222 Just.
689 3179 760 3223 lib.
778 3190 829 3220 11.
858 3177 870 3200 ‘
889 3178 929 3219 N
934 3189 987 3219 on
1008 3177 1202 3227 advenae,
1321 3179 1350 3198 ¹¹¹
1362 3173 1472 3213 Idem
1480 3174 1658 3224 poemata
1670 3175 1993 3225 pronuntiabant
2006 3175 2147 3224 (ἔπεσε

318 3256 459 3298 neque
489 3244 646 3296 passim
672 3243 858 3283 collecta
890 3241 1038 3292 populi
1066 3240 1201 3289 collu-
1267 3241 1304 3278 et
1327 3236 1491 3289 Latine]
1521 3237 1877 3279 Commentariun:
1897 3238 1951 3279 de
1971 3238 2147 3282 Cicero-

320 3306 411 3347 vies
444 3307 650 3359 originem
681 3305 777 3346 urbi
806 3303 955 3354 dedit:
990 3306 1072 3344 διο.
1130 3303 1200 3343 De
1266 3300 1330 3342 nis
1349 3301 1585 3342 Consulatu
1613 3300 1770 3341 Graece
1802 3301 2040 3353 scripsisse,
2065 3300 2144 3341 sed
2191 3323 2207 3332 -

295 3392 297 3395 ·
320 3370 585 3414 humanitate
613 3382 717 3414 vero
737 3374 782 3414 et
794 3368 992 3416 doctrina
1004 3367 1099 3423 quis
1113 3379 1199 3410 am·
1265 3374 1418 3415 parum
1449 3367 1605 3414 comte,
1638 3367 1827 3415 testatur
1857 3363 1948 3417 ipse
1967 3361 2068 3414 Cio...
2087 3361 2145 3405 sd

320 3431 463 3490 bigit?
548 3473 550 3479 ,
1267 3427 1478 3480 Atticum,
1495 3427 1642 3481 Epist.
1653 3437 1705 3473 11·
1727 3430 1765 3469 1.
