2326 3860
245 189 364 258 424)
436 162 437 165 ¹

244 338 496 390 septuaginta
522 327 697 391 nnvium]
724 338 877 378 Paullo
897 338 1024 378 aliter
1042 334 1145 379 rem

246 402 523 455 prosequitur
540 401 805 453 Herodotus,
834 401 960 441 aliam
990 415 1016 441 a
1043 402 1132 442 Ne-

247 473 352 522 pote
371 478 545 506 causam
567 467 842 507 subnectens.
875 466 1016 508 Verba
1034 468 1131 520 lege

246 530 322 571 lib.
342 541 405 570 vr.

302 592 477 645 Insulas]
508 593 735 646 Cycladas.

305 655 517 709 Plerosque
549 660 601 698 ad
633 658 801 712 officium
828 659 956 699 redire
985 658 1133 711 coegit]

246 720 417 761 Schotti
449 721 560 761 liber
590 723 735 773 plures.
793 721 996 763 Officium
1030 735 1134 763 vero

247 785 347 825 heic
365 789 490 825 notat
523 784 828 838 obedientiam,
846 799 930 840 qua
950 787 1136 840 populus

248 849 521 901 magistratui
537 854 725 892 tenetur.
781 850 904 892 Infra
930 852 1135 901 Cimone;

249 913 262 935 ‘
281 912 448 954 Insulas
468 913 675 956 alienatas
696 915 750 955 ad
771 906 958 956 officium
991 915 1135 955 redire

251 975 424 1028 coegit!
456 977 583 1019 Gebk.

307 1040 378 1079 Ex
394 1040 460 1080 his
480 1042 628 1082 Parum
658 1043 848 1095 insulam]
890 1045 1140 1096 Παραλαβὼν

251 1101 295 1144 δὲ
322 1104 344 1142 ὁ
364 1103 581 1154 Μιλτιάδης
606 1106 681 1154 τὴν
703 1107 907 1158 στρατιὴν,
934 1106 1052 1148 ἔπλεε
1074 1107 1139 1147 ἐπὶ

251 1166 398 1220 Πάρον,
414 1167 609 1221 πρόφασιν
627 1168 731 1221 ἔχων
744 1171 794 1211 ὣς
814 1170 852 1210 οἱ
864 1169 1000 1224 Πάριοι
1022 1172 1140 1224 ὑπῆρ-

250 1235 322 1283 ξαν
351 1232 530 1287 πρότεροι
557 1235 859 1288 στρατευόμενοι
894 1235 1067 1290 τριήρεσι
1101 1236 1140 1277 ἔς

252 1299 471 1350 Μαραθῶνα
487 1297 568 1350 ἅμα
587 1301 644 1350 τῷ
659 1298 803 1355 Πέρσῃ.
825 1301 975 1341 Herod.
1026 1300 1138 1340 Vide

255 1361 512 1413 sequentia;
553 1367 598 1402 et
635 1363 856 1415 Ephorum
891 1363 1006 1416 apud
1043 1363 1140 1412 Ste-

253 1423 456 1475 phanum.
504 1424 653 1466 Graeci
681 1428 924 1479 Scriptores
954 1440 1052 1468 cum
1084 1424 1144 1468 de

254 1486 404 1527 insulis
441 1488 635 1540 tradunt,
672 1503 767 1543 quae
814 1491 943 1532 urbes
976 1491 1142 1531 habent

255 1551 559 1602 cognomines3
588 1553 649 1593 ita
681 1555 798 1608 loqui
826 1557 982 1606 solent,
1001 1554 1142 1608 Πάρος,

256 1613 375 1661 νῆσος
410 1613 475 1654 καὶ
502 1614 630 1656 πόλις.
697 1616 888 1668 Κίμωλος,
922 1620 1042 1667 νῆσος
1077 1618 1143 1659 καὶ

255 1676 383 1720 πόλις.
463 1679 590 1721 Quod
636 1680 803 1721 Plinius
849 1682 973 1735 dixit,
1027 1684 1038 1705 ‘
1059 1682 1144 1724 Pa-

258 1751 328 1780 ros
358 1752 455 1781 cum
490 1742 652 1794 oppido
695 1744 749 1784 ab
786 1745 900 1786 Delo
932 1755 1144 1787 xxxvur.

258 1815 471 1844 marmore
517 1805 702 1846 nobilis.’
772 1807 882 1850 Quae
927 1809 1058 1849 verba
1100 1809 1144 1848 id

259 1867 521 1922 significant,
550 1870 697 1910 Paron
727 1871 908 1912 insulam
928 1863 1040 1912 'cnm
1071 1885 1146 1925 op-

257 1929 362 1984 pido
399 1930 593 1982 ejusdem
638 1934 839 1986 nominis,
884 1935 1049 1977 distare
1092 1936 1147 1976 ab

259 1994 379 2035 Delo
395 1995 532 2035 insula
549 1996 729 2047 triginta
741 2004 843 2039 octo
855 1998 1041 2039 millibus
1056 2012 1151 2052 pas-

260 2068 398 2099 suum.
435 2057 508 2099 Ita
524 2058 596 2099 ille
613 2061 800 2113 accepit,
813 2063 931 2115 quasi
951 2063 1149 2116 dixisset,

259 2120 410 2166 Paron
433 2132 530 2161 cum
550 2123 709 2174 oppido
730 2122 915 2177 Abdelo,
939 2132 987 2166 ut
1006 2125 1151 2168 Abde-

260 2185 324 2224 los
351 2184 409 2226 sit
440 2196 597 2226 nomen
625 2187 775 2240 oppidi
804 2188 849 2228 in
883 2188 1013 2230 Paro.
1064 2189 1152 2231 Sal-

261 2248 420 2289 mosius.

321 2313 472 2364 Opibus
489 2315 653 2367 elatam]
683 2316 752 2356 Sic
771 2317 964 2371 loquitur
981 2320 1151 2362 Tacitus

264 2374 380 2416 Ann.
413 2386 487 2417 xv.
509 2381 576 2419 20.
618 2379 630 2401 ‘
653 2379 825 2431 Opibus
844 2381 985 2424 nimiis
1013 2383 1153 2424 adin·

255 2438 395 2490 jurias
412 2439 622 2480 minorum
638 2441 774 2483 elati!
807 2443 879 2484 Sic
894 2443 1036 2486 Alcib.
1052 2449 1064 2469 ‘
1077 2446 1154 2487 Se-

265 2501 419 2542 cundae
445 2501 663 2545 fortunae.’
701 2505 888 2549 Pausan.
924 2509 936 2532 ‘
958 2509 1154 2552 Victoria

266 2565 437 2607 elatus!
470 2566 669 2609 Gebhard.

323 2630 456 2675 Quum
473 2631 651 2672 oratione
664 2633 936 2687 reconciliare]
964 2635 1155 2678 Inclinat

271 2704 324 2733 eo
341 2693 518 2735 doctiss.
539 2694 799 2748 Gronovius,
827 2705 877 2740 ut
906 2700 1062 2752 probet
1089 2715 1156 2743 ra-

271 2757 395 2808 tione,
414 2758 497 2798 hoc
526 2764 607 2811 est,
640 2761 710 2801 via
742 2762 886 2816 aliqua
914 2765 1156 2818 commoda,

269 2821 602 2866 conditionibus.
669 2824 754 2866 Adi
788 2826 930 2878 ipsum
967 2829 1155 2872 Observ.

267 2885 342 2926 lib.
372 2897 424 2928 11.
463 2891 532 2927 10.
565 2892 613 2928 et
643 2888 687 2929 iu
724 2888 946 2932 Addeudis
990 2905 1034 2944 p.
1061 2897 1157 2936 216.

270 2950 469 2993 Kenchen.

327 3014 520 3067 Operibus
545 3016 706 3068 clausit]
753 3017 972 3071 Operibus
993 3033 1159 3074 oppug-

270 3082 429 3119 nantur
448 3079 697 3132 munitiora,
726 3093 851 3135 quam
880 3096 975 3135 quae
992 3084 1159 3136 impetu

274 3154 351 3181 seu
386 3153 546 3182 corona
577 3143 674 3196 capi
709 3144 935 3199 subigique
978 3149 1158 3200 possint.

270 3205 372 3245 Tae.
388 3204 561 3245 Hist.v.
578 3209 643 3248 13.
658 3206 807 3248 Livius
822 3220 1005 3252 xxxvu.
1019 3213 1032 3234 ‘
1051 3207 1159 3254 Cum

275 3266 331 3307 ad
359 3268 517 3308 maenia
545 3274 688 3313 castra
715 3273 944 3325 posuisset,
974 3287 1059 3316 non
1090 3289 1161 3317 co-

273 3341 393 3381 rona,
409 3330 523 3372 sicut
541 3332 746 3384 Lamiam,
766 3335 843 3379 sed
861 3335 1063 3390 operibus
1083 3352 1160 3391 op-

275 3403 466 3445 pugnare
485 3394 636 3438 urbem
661 3402 728 3439 est
747 3400 997 3452 aggressus?
1045 3403 1161 3446 Vide

633 219 814 259 No'rAE
853 217 1192 259 VARIORUM
1233 218 1300 258 ΙΝ
1342 218 1398 259 Ο.
1437 215 1706 258 NuPoTis

1196 337 1355 379 Caesar.
1391 338 1448 379 de
1485 338 1539 379 Β.
1561 338 1618 380 G.
1648 338 1726 379 lib.
1746 340 1894 380 11.-12
1935 331 2112 386 Taciti

1194 402 1353 441 Annal.
1375 403 1522 442 v1.41.
1569 401 1717 442 Graeci
1738 405 1895 442 vocant
1921 399 2117 456 τάφροις

1195 464 1262 504 καὶ
1296 463 1546 517 σταυρώμασι
1580 465 1824 517 περιβαλεῖν,
1851 464 1921 505 vel
1950 465 2092 507 etiam

1195 525 1511 580 περιλαμβάνειν.
1541 527 1741 570 Gebhard.

1253 592 1479 632 Commenta
1514 591 1712 644 privavit]
1772 592 1944 644 Nempe
1978 591 2092 640 mari

1197 655 1433 706 prohibitos
1461 661 1593 708 atque
1622 656 1891 698 interclusos.
1955 656 2093 704 Unde,

1198 718 1396 770 Ephorus
1429 718 1516 759 ait:
1548 716 1678 771 Πάρον
1713 718 1756 759 δὲ
1787 716 2090 769 εὐδαιμονεστά-ι

1197 797 1272 830 την
1290 781 1355 823 καὶ
1370 780 1565 833 μεγίστην
1594 781 1714 823 οὖσαν
1743 785 1824 824 τῦν
1856 780 2094 836 Κυκλάδων,

1199 846 1300 899 (hoc
1321 851 1400 898 est,
1417 847 1529 899 quod
1549 847 1702 900 Nepos
1715 847 1727 870 ‘
1744 848 1900 900 opibus
1919 846 2095 898 elatam'

1200 909 1335 962 dicit)
1371 908 1629 961 καθεζόμενος
1680 910 1903 964 ἐπολιόρκει
1960 910 2089 953 πολὺν

1198 973 1358 1027 χρόνον,
1388 978 1461 1025 τῆς
1492 975 1693 1026 θαλάττης
1723 978 1876 1031 εἵργων,
1894 977 1960 1019 καὶ
1987 974 2090 1020 κατὰ

1199 1042 1279 1091 γῆν
1293 1039 1559 1091 μηχανήματα
1578 1040 1699 1093 ἄγων.
1732 1041 1916 1083 Lambin.

1262 1107 1398 1148 Vineis
1413 1119 1458 1147 ue
1475 1106 1736 1148 testudinibus
1753 1106 2001 1160 constitutis]
2015 1106 2091 1149 De

1205 1170 1356 1224 quibus
1395 1170 1603 1222 legendus
1647 1170 1799 1212 Justus
1836 1169 2012 1222 Lipsius
2045 1168 2092 1212 in

1202 1233 1324 1273 libris
1357 1240 1536 1287 πολιορκ.
1589 1234 1801 1287 Vegetius
1835 1233 1911 1276 lib.
1939 1243 2003 1275 Π.
2024 1236 2095 1276 14.

1204 1302 1252 1337 et
1272 1300 1339 1338 15.

1260 1361 1462 1401 Nocturna
1481 1365 1652 1414 tempore
1668 1360 1850 1401 incensu
1865 1359 1945 1412 est]
1967 1354 2100 1403 eirea·

1203 1424 1451 1464 Muconum.
1506 1424 1728 1477 Ephorus:
1757 1423 1833 1472 ἤδη
1851 1421 1895 1463 δὲ
1920 1425 2000 1464 τῶν
2017 1428 2102 1466 τιν’·

1203 1489 1288 1539 χῶν
1306 1486 1539 1540 πιπτόντων,
1566 1486 1632 1527 καὶ
1663 1486 1726 1528 ἐπὶ
1760 1486 1809 1528 τὸ
1838 1485 2103 1540 παραδιδόναί
2133 1530 2137 1535 ,

1203 1551 1278 1600 τὴν
1292 1550 1409 1592 πόλιν
1425 1549 1788 1604 διωμολογημένων,
1814 1549 1914 1600 ὅλης
1932 1549 2038 1593 τινὸς
2051 1550 2100 1603 δε

1205 1616 1426 1668 αὐτομάτου
1443 1615 1532 1670 περὶ
1556 1616 1629 1658 τὸν
1647 1614 1834 1658 Μύκωνον
1851 1614 2104 1668 ἑξαφθείσης,

1206 1682 1243 1723 οἳ
1259 1681 1332 1734 μὲν
1349 1681 1483 1736 Πάριοι
1498 1680 1571 1722 τὸν
1590 1683 1717 1722 Δᾶτιν
1734 1681 1867 1722 αὐτοῖς
1892 1677 2103 1733 πυρσεύειν’

1207 1745 1489 1797 ὑπολαβόντες,
1518 1742 1734 1798 ἐψεύσαντο
1766 1744 1839 1786 τὰς
1868 1743 2099 1807 ὁμολογίας,

1207 1811 1272 1851 καὶ
1289 1810 1364 1858 τὴν
1381 1810 1499 1851 πόλιν
1515 1810 1585 1850 οὐκ
1605 1807 1662 1849 ἔτι
1690 1809 1748 1859 τῷ·
1765 1805 1961 1861 Μιλτιάδῃ
1978 1804 2102 1860 rap&

1210 1876 1346 1915 δοσαν.
1400 1873 1540 1914 Addit
1559 1873 1654 1912 illos
1674 1871 1739 1913 uti
1766 1872 1906 1912 adhuc
1923 1876 2100 1923 prover-

1211 1938 1282 1978 bio
1304 1939 1357 1979 de
1391 1937 1533 1990 pactis
1561 1936 1715 1986 irritis,
1747 1935 1861 1989 quod
1892 1932 2104 1987 ἀναπαριά-

1212 2001 1309 2054 ζειν,
1327 2001 1430 2042 hine
1449 2004 1621 2042 vocant.
1653 1999 1721 2039 De
1740 1998 1823 2039 hoc
1842 1998 2100 2040 incendione

1211 2064 1289 2118 γρὺ
1325 2063 1579 2106 Herodotus
1612 2067 1659 2103 et
1686 2062 1815 2114 longe
1844 2061 1974 2102 aliam
2004 2072 2104 2102 cau·

1213 2141 1305 2170 sam
1347 2128 1565 2168 discessus
1609 2126 1653 2166 in
1702 2126 1897 2166 Eratone
1936 2122 2099 2169 referti

1215 2204 1340 2245 quern
1367 2190 1560 2231 consule.

1288 2254 1516 2296 classiariis
1559 2251 1706 2304 regiis]
1777 2251 2101 2295 Themistocle=

1213 2320 1226 2344 ‘
1247 2319 1354 2361 Cum
1373 2316 1601 2359 classiariis
1620 2315 1752 2368 Regis
1769 2313 1991 2356 conflixit?
2046 2314 2103 2356 Id

1215 2390 1297 2435 est,
1323 2382 1499 2434 Xerxis,
1527 2379 1883 2434 quemadmodum
1915 2378 1986 2419 hic
2014 2377 2109 2420 Da·-

1216 2449 1283 2488 rii.
1338 2447 1435 2487 Rex
1455 2444 1566 2484 enim
1586 2443 1818 2484 Persarum
1838 2441 2014 2494 speciali
2029 2453 2107 2484 no·‘

1216 2513 1331 2553 mine
1367 2507 1560 2551 Βασιλεὺς
1605 2508 1862 2560 appellatur.
1933 2505 2106 2556 suidas,

1218 2575 1395 2617 Curtius
1414 2573 1488 2614 lib.
1509 2584 1560 2613 ιι.
1603 2570 1773 2612 Hirtius
1793 2577 1837 2610 et
1862 2569 2106 2622 Xenophon

1218 2638 1414 2691 epibatas
1434 2639 1614 2677 vocant:
1645 2634 1719 2688 qui
1737 2633 1866 2674 iidem
1883 2644 1981 2674 cum
1995 2632 2105 2674 elas-

1219 2713 1374 2742 siarns.

1272 2767 1492 2806 Accusatus
1509 2774 1605 2813 ergo
1620 2759 1876 2813 proditionis]
1920 2757 1963 2800 A
1991 2758 2111 2800 Xan-

1222 2828 1346 2881 tippo
1378 2825 1635 2878 Ariphronis
1668 2823 1770 2863 filio.
1825 2821 2107 2867 Herodotus:

1218 2892 1415 2942 Ἀθηναῖοι
1432 2887 1476 2930 δὲ
1509 2889 1555 2930 ἐκ
1582 2886 1712 2940 Πάρου
1731 2884 1949 2926 Μιλτιάδεα
1967 2883 2108 2926 &muo-

1221 2955 1426 3004 στήσαντα
1443 2951 1568 3004 ἔσχον
1594 2952 1636 2991 ἐν
1654 2949 1836 3000 στόμασι,
1855 2949 1895 2989 οἵ
1907 2964 1953 2989 τε
1972 2948 2108 3001 ἄλλοι,

1221 3019 1288 3060 καὶ
1303 3016 1480 3069 μάλιστα
1522 3014 1739 3058 Ξάνθιππος
1763 3014 1785 3053 ὁ
1805 3011 2041 3066 Ἀρίφρονος,
2064 3011 2110 3055 δε

1222 3081 1391 3125 θανάτου
1409 3080 1623 3131 ὑπαγαγὼν
1651 3078 1724 3118 ὑπὸ
1756 3076 1828 3118 τὸν
1846 3080 1982 3128 δῆμον,
2007 3082 2110 3118 Μιλ.

1220 3145 1357 3187 τιάδεα
1376 3143 1507 3191 ἐδίωκε
1532 3145 1605 3192 τῆς
1634 3140 1844 3191 Ἀθηναίων
1870 3139 2024 3189 ἀπάτης
2053 3139 2111 3183 οἳ.

1221 3225 1329 3254 νεκα.

1276 3275 1315 3316 Δ
1337 3274 1449 3324 Rege
1466 3269 1692 3323 corruptus]
1740 3269 1878 3319 Reges
1912 3265 2109 3307 absolute

1222 3351 1310 3380 non
1328 3338 1547 3387 dicuntur,
1577 3334 1663 3375 nisi
1694 3332 1749 3373 de
1768 3330 1960 3373 Persidis
1978 3329 2109 3382 Regi-

1224 3403 1319 3445 bus.
1374 3400 1449 3443 lta
1465 3411 1538 3443 eos
1570 3396 1737 3440 Plinius
1767 3405 1938 3447 semper
1966 3398 2109 3439 vocat<
