2352 3892
698 276 783 324 ‘nn
813 255 1140 323 com‘mmo
1179 283 1446 322 Nm’o'rs.
1912 265 1992 320 29*

441 400 743 456 credemus
769 404 978 471 gremio
1004 404 1092 457 cui
1115 403 1412 457 fovendum
1429 403 1455 453 ’ἓ

442 487 637 541 Inveni
663 486 924 556 (trepidae
947 489 1107 540 silete
1131 484 1320 555 nugae)

441 571 566 624 Nec
594 572 820 624 doctum
846 572 1048 635 minus»,
1075 577 1129 624 et
1155 573 1328 638 magis
1353 570 1653 638 benignum

443 653 630 718 Quam
658 655 822 724 quem
849 654 1038 709 Gallia
1062 657 1302 725 praebuit
1328 654 1565 709 Catullo·

278 807 458 858 IDEM,
502 807 803 846 EPls'rohA
846 807 977 845 le.
1018 808 1102 844 AD
1146 807 1399 846 PROBUM
1445 807 1634 846 PRAEF.
1674 808 1869 848 PRAET.

202 886 516 982 'Apologos
542 911 765 975 Titiani,
791 919 847 964 et
874 912 1116 980 Nepotis
1145 912 1424 975 chronica,
1466 914 1626 980 quasi
1664 914 1806 966 alios
1852 930 1994 987 apo-

155 997 309 1065 logos
349 992 500 1068 (nam
541 1001 596 1048 et
636 999 761 1066 ipsa
784 998 958 1050 instar
985 1004 1112 1050 sunt
1136 994 1489 1065 fabularum),
1533 998 1601 1048 ad
1645 999 1990 1052 nobilitatem

156 1085 311 1135 tuam
351 1083 498 1146 misi,
552 1082 798 1152 gaudens
845 1089 1012 1152 atque
1056 1085 1223 1136 etiam
1271 1083 1534 1151 glorianS,
1585 1083 1705 1136 fore
1756 1084 1988 1154 aliquid,

155 1165 309 1301 guod
333 1167 406 1220 ad
429 1168 831 1221 institutionem
855 1174 1069 1221 tuorum
1106 1169 1416 1222 sedulitatis
1455 1185 1592 1222 meae
1641 1169 1828 1222 studio
1861 1185 1993 1222 con-

180 1256 374 1305 eratur.

301 1404 633 1460 JUDIGIA
670 1403 1265 1461 RECENTIORUM
1305 1405 1851 1461 SCRIPTORUM.

684 1548 1052 1588 oNUPHRqu
1093 1547 1462 1599 PANVINIUS,

196 1651 491 1728 'Catalogo
515 1660 811 1712 illustrium
839 1659 1025 1727 script.
1050 1658 1478 1720 Veronensium‚
1505 1657 1540 1709 1.
1569 1670 1649 1707 VI.
1677 1657 1934 1725 antiquit.

230 1774 697 1839 constantissimo
739 1787 978 1840 civitatis
1020 1791 1222 1840 nostrae
1273 1784 1586 1838 testimonio
1637 1782 1699 1835 C.
1742 1781 1916 1835 CoRN
1928 1797 1989 1835 Ε-

160 1882 321 1923 LmM
361 1869 694 1934 NEPOTEM,
729 1873 910 1923 virum
948 1871 1352 1932 doctissimum,
1379 1872 1436 1920 et
1456 1867 1847 1936 antiquitatum
1871 1883 1990 1919 om-

156 1955 307 2008 nium
348 1956 760 2024 peritissimum,
811 1956 1191 2009 Veronensem
1251 1955 1444 2017 fuisse,
1492 1951 1740 2015 traditur,
1785 1953 1875 2004 cui
1929 1952 1989 2004 in

159 2056 374 2095 summa
411 2042 568 2095 curia
608 2058 737 2095 cum
778 2043 1006 2111 reliquis
1031 2041 1446 2094 Veronensibus
1486 2038 1794 2091 illustribus
1817 2038 1991 2090 etiam

159 2129 349 2179 statua
393 2128 584 2196 posita
625 2132 709 2180 est
756 2144 831 2180 ex
865 2127 1094 2196 publica
1132 2126 1475 2179 auctoritate.
1573 2122 1719 2175 Eum
1745 2121 1991 2187 Plinius,

158 2209 316 2265 Hist.
343 2210 478 2266 Nat.
507 2225 598 2264 111.
623 2213 711 2266 18.
747 2213 891 2266 Padi
916 2213 1171 2267 accolam
1206 2214 1393 2274 vocat,
1414 2214 1489 2284 *et
1525 2209 1658 2261 alibi
1687 2207 1897 2277 saepius
1922 2207 1991 2260 de

158 2311 228 2348 eo
253 2297 584 2350 mentionem
605 2298 760 2351 facit.
848 2296 1019 2351 Ortus
1044 2296 1314 2366 siquidem
1341 2295 1400 2347 in
1424 2294 1554 2347 vico
1579 2292 1994 2345 Veronensium

159 2378 434 2443 Hostilia,
462 2381 535 2433 ad
559 2381 707 2433 Padi
733 2382 888 2449 ripas
914 2382 1048 2446 sito,
1073 2386 1134 2434 ut
1165 2379 1396 2432 Tacitus
1421 2383 1616 2431 auctor
1641 2381 1745 2440 est,
1784 2377 1819 2428 l.
1847 2389 1988 2428 xlx.

157 2463 404 2517 historiae
442 2463 756 2536 Augustae„
808 2465 948 2518 Pius
991 2481 1215 2533 quoque
1258 2463 1422 2532 Papa
1462 2462 1543 2515 II.
1587 2463 1647 2514 in
1689 2461 1847 2514 Asiae
1894 2462 1990 2513 de-

157 2548 470 2618 scriptione,
489 2564 616 2602 eum
633 2548 1014 2602 Veronensem
1033 2554 1219 2617 aperte
1244 2547 1418 2600 fuisse
1445 2547 1654 2600 scribit.
1727 2544 1821 2598 Ad
1843 2545 1990 2597 hunc

161 2631 416 2687 Catullus
443 2650 590 2703 opus
614 2649 775 2688 suum
798 2634 970 2696 misit,
1009 2641 1275 2699 tanquam
1314 2632 1493 2684 civem
1539 2647 1735 2684 suum:
1792 2633 1809 2656 ‘
1836 2629 1989 2694 Quoi

160 2717 311 2771 dono
353 2720 600 2789 lepidum
637 2736 842 2773 novum
867 2718 1119 2771 libellum
1133 2716 1176 2770 ‘l’
1229 2717 1432 2771 Hicin
1455 2716 1587 2768 urbe
1614 2713 1900 2768 Ciceronis
1935 2715 1990 2766 et

160 2801 404 2865 Caesaris
429 2811 674 2875 tempore
698 2804 865 2868 vixit,
900 2804 1258 2872 pervenitque
1283 2818 1459 2872 usque
1482 2801 1553 2854 ad
1578 2798 1819 2867 Augusti
1842 2797 1990 2867 prin-

160 2888 425 2956 cipatum.
499 2890 734 2958 Scripsit
760 2889 1127 2942 disertissime
1166 2891 1182 2914 ‘
1209 2887 1520 2940 Illustrium
1543 2886 1788 2939 virorum
1806 2879 1988 2937 vitas?

162 2970 409 3036 Quarum
458 2979 670 3027 tantum
716 2974 1016 3043 Pomponii
1064 2972 1239 3026 Attici
1288 2977 1466 3037 extat,
1509 2987 1636 3041 quae
1686 2973 1988 3023 ceterarum

159 3056 323 3111 facile
347 3059 626 3128 specimen
649 3065 841 3131 potest
857 3059 1119 3130 judicari.

693 3211 779 3266 M.
820 3209 1003 3264 ANT.
1043 3207 1451 3274 MURETUS,

611 3350 731 3392 mn.
769 3351 880 3390 vu.
919 3349 1064 3389 VAR.
1105 3348 1282 3387 neor.
1320 3348 1454 3387 cn.
1493 3345 1535 3386 1.

235 3447 565 3520 Perelegaus
603 3452 759 3505 extat
781 3449 997 3505 AEmilii
1023 3449 1194 3504 Probi
1238 3446 1312 3502 ad
1353 3446 1421 3501 T.
1449 3444 1816 3516 Pomponium
1841 3440 1989 3496 Atti-³
