2326 3860
1875 273 1988 329 3⁰8

143 403 210 464 in
227 394 649 461 ,matrimonium
688 402 862 468 dedit,
900 402 1058 472 quod
1089 403 1340 474 moribus
1381 408 1569 458 eoru'm
1605 421 1721 469 non
1764 409 1988 475 poterat

143 485 421 549 interdici⁸
447 503 644 547 socero
667 487 871 557 gener-⁸
884 494 904 519 ⁸
953 487 1043 543 De
1060 488 1167 543 hoc
1194 488 1325 543 ideo
1343 488 1685 554 *mentionem
1707 489 1986 557 fenim-ssi

143 573 318 650 quod,
359 573 684 628 Hamilcare
731 574 964 639 occiso,⁸
1010 573 1104 628 ille
1153 574 1423 628 exercitui
1467 574 1719 643 praefuit,
1779 592 1986 645 resque

143 674 376 728 magnas
419 662 595 727 gessit
610 660 652 727 ;²
689 665 744 714 et
769 662 1027 730 princeps
1052 661 1404 729 largitionem·
1427 665 1688 715 vetustos
1724 661 1988 731 pervertit

142 757 325 815 {nores
348 742 948 813 Carthaginiensimn3¹¹
986 745 1351 816 ejusdemque
1383 753 1520 816 post
1540 750 1799 801 mortemv
1824 745 1988 800 Han-

142 829 337 882 nibal¹¹
364 830 437 883 ab
462 832 713 884 exercitu
738 832 955 900 accepit
978 831 1291 900 imperium.
1784 874 1794 886 .
1864 877 1869 881 .
1974 874 1980 880 .

215 915 269 968 4.
304 911 387 967 At
412 914 743 981 Hamilcar‚¹
778 921 1163 986 posteaquam
1188 931 1339 968 mare
1376 917 1639 980 transiit,''
1675 917 1735 968 in
1769 916 1987 986 Hispa-

143 998 404 1068 niamque
423 1000 592 1065 venit,
627 1016 858 1069 magnas
903 1017 991 1054 res
1031 1000 1278 1054 secunda
1318 1001 1496 1069 gessit
1518 999 1768 1055 fortuna:
1806 1003 1987 1056 maxi·

144 1098 269 1137 mas
290 1083 872 1155 bellicosissimasque
898 1088 1087 1155 gentes
1113 1085 1364 1153 subegit:
1391 1086 1581 1155 eq'uiS,
1604 1085 1790 1151 armis,
1829 1087 1985 1152 viris,

144 1169 407 1237 pecunia,
443 1174 617 1229 totam
647 1171 1017 1241 locupletavit
1039 1169 1311 1228 Africam.
1386 1171 1503 1226 Hie
1527 1188 1657 1226 cum
1681 1172 1740 1224 in
1763 1171 1987 1226 Italiam

143 1253 352 1307 bellum
376 1254 571 1309 inferre
591 1256 965 1324 meditaretur,
990 1274 1139 1312 nono
1164 1275 1310 1311 anno
1336 1263 1471 1328 post
1496 1274 1667 1329 quam
1691 1259 1747 1311 in
1768 1256 1987 1326 Hispa-‘-

630 281 800 327 xxu.
862 282 1222 336 nnuman,
1261 284 1401 324 cnr.
1437 272 1492 325 4.

488 1429 507 1458 ὃ
533 1432 570 1472 Δ
589 1432 714 1472 soceri
732 1433 1013 1476 contubernio
1021 1435 1154 1486 'gener
1166 1433 1368 1488 prohiberi
1383 1446 1459 1475 non
1473 1436 1642 1487 poterat.

929 1571 1231 1589 ONCOOOOOON

145 1666 394 1719 Loquobalur
429 1666 514 1709 Ms.
548 1669 673 1711 Voss.
709 1673 834 1712 3.-8
875 1671 1070 1712 Inter-dici
1097 1684 1175 1712 non
1203 1675 1360 1724 poterat
1391 1671 1474 1713 Ed.
1503 1671 1651 1722 Steph.
1685 1671 1805 1724 Mag.
1842 1670 1986 1712 Gebh.

145 1721 312 1763 Kench.
345 1722 505 1764 Statim
517 1735 626 1765 socer
638 1737 664 1765 a
684 1736 831 1775 genero
849 1725 935 1766 Ms.
950 1726 1077 1766 Voss.
1095 1729 1135 1768 2.
1153 1725 1240 1766 Ax.
1264 1738 1371 1766 socer
1385 1737 1532 1778 genero
1549 1726 1634 1766 Ms.
1653 1725 1771 1766 Leid.
1793 1729 1833 1766 1.
1865 1725 1982 1777 [pro-

145 1773 306 1828 batque
319 1776 555 1818 Tzschuck.
575 1777 631 1818 ad
650 1779 719 1820 ed.
733 1778 878 1830 2.]-9
904 1779 1093 1822 Facimus
1113 1780 1199 1821 Ms.
1221 1780 1349 1822 Voss.
1367 1783 1516 1820 1.-10
1545 1780 1738 1832 Princeps
1753 1779 1985 1830 largitiones

146 1828 232 1869 Ms.
258 1829 387 1871 voss.
407 1833 448 1871 2.
477 1832 561 1872 Ms.
593 1832 740 1873 Boe‘cl.
755 1832 957 1884 principes
972 1833 1222 1884 largitiones:
1251 1838 1297 1876 et
1314 1845 1414 1874 mox
1436 1833 1606 1874 Schotti
1634 1834 1729 1874 cod.
1761 1832 1984 1886 [Mendes.

145 1882 334 1989 ‘132sz
360 1884 485 1926 Voss.
504 1888 542 1925 1.
557 1888 599 1926 2.
618 1887 681 1939 3.]
706 1886 1036 1938 praesertin—11
1058 1887 1232 1928 Mortem
1245 1901 1260 1929 .·
1289 1899 1379 1928 nam
1400 1886 1605 1928 Hannibal
1624 1887 1705 1928 Ed.
1724 1886 1844 1928 Jens.
1860 1886 1982 1927 Med:

239 1965 250 1978 .
332 1949 359 1977 n
391 1967 403 1979 .

201 1993 223 2030 1
259 1950 492 2033 Hamgiloare
511 1991 598 2034 Ms.
615 1991 740 2036 Leid.
758 1996 798 2035 2.
847 1993 1006 2036 Statim
1021 1997 1227 2047 postquam
1254 1995 1340 2036 Ms.
1360 1995 1446 2037 Ax.
1469 1998 1602 2046 postea
1621 2006 1736 2047 quam
1755 1993 1835 2035 Ed.
1865 1993 1983 2036 Jens.

972 2137 1152 2180 NOTAE

200 2251 218 2274 ¹
247 2248 362 2294 Quod
388 2246 560 2290 moribus
586 2262 719 2291 eoram
762 2263 838 2291 non
874 2254 1030 2303 poterat

147 2311 333 2352 interdici
347 2323 477 2353 socero
491 2313 633 2366 gener]
661 2312 794 2366 Apud
814 2314 1031 2354 Romanos

147 2380 292 2415 tamen
311 2386 520 2415 summum
547 2375 664 2416 inter
682 2382 912 2429 utrumque
940 2382 1032 2417 erat

146 2437 419 2478 verecundiae
457 2445 772 2491 argumentum,
819 2440 949 2493 quod,
985 2445 1036 2481 ut

149 2501 211 2542 ait
238 2501 330 2543 Oic.
350 2500 478 2543 Offic.
513 2503 589 2544 lib.
609 2514 642 2544 1.
670 2504 683 2526 ‘
706 2503 806 2544 Non
837 2504 1036 2544 lavantur

147 2577 242 2605 curu
262 2565 423 2606 soceris
441 2565 621 2618 generi)

202 2634 216 2654 ⁸
237 2628 369 2681 Quod,
388 2629 622 2670 Hamilcare
639 2629 777 2682 occiso]
796 2630 850 2671 In
865 2631 1032 2684 praelio,

148 2691 332 2743 scilicet,
368 2699 522 2733 contra
556 2693 769 2734 Vettones
815 2694 1030 2734 citerioris

147 2740 373 2807 ksispaniae
388 2756 586 2808 populos,
605 2762 655 2797 ut
673 2762 826 2810 postea
845 2757 1031 2811 dicetur,

145 2818 262 2858 intra
278 2817 420 2859 Anam
450 2824 495 2860 et
514 2821 684 2873 Tagum
714 2819 885 2873 fluvios,
917 2820 1031 2863 Plin-

147 2881 224 2920 lib.
245 2892 310 2921 lv.
340 2884 410 2921 20.
462 2881 742 2936 Reliquitque
773 2890 959 2936 quatuor
984 2883 1032 2924 fi-

146 2944 242 2993 lios,
270 2955 378 2997 quos
408 2955 455 2984 se
486 2944 531 2985 in
564 2946 851 2986 Romanorum
888 2947 1032 2999 perni-

150 3010 261 3049 ciem
297 3008 413 3048 alere
449 3007 641 3060 dicebat,
676 3010 811 3050 veluti
848 3015 1032 3064 quatuor

153 3071 320 3111 catulos
341 3070 536 3112 leoninos
551 3084 564 3121 ;
584 3084 762 3125 quorum
780 3077 922 3113 tamen
938 3074 1032 3113 nul-

148 3135 214 3175 lus
234 3133 279 3174 in
307 3133 446 3177 locum
466 3134 602 3186 patris
622 3135 772 3175 missus
793 3141 861 3176 est
885 3136 1031 3177 statim

151 3199 206 3239 ab
238 3199 329 3252 ejus
359 3204 516 3250 morte,
553 3205 731 3252 propter
761 3200 1032 3242 immaturam

152 3268 340 3304 aetatem.
382 3263 529 3303 Valet.
547 3262 666 3304 Max,
689 3262 764 3304 lib.
783 3275 851 3306 rx.
868 3267 910 3305 3.

204 3326 216 3353 ⁸
245 3326 400 3379 Resque
417 3338 584 3376 magnas
598 3325 743 3379 gessit]
778 3326 846 3366 De
879 3324 1034 3380 quibus

151 3388 360 3443 Polybius
377 3389 452 3430 lib.
472 3401 525 3430 11.

206 3459 226 3479 ‘¹
254 3453 312 3493 Et
327 3453 512 3506 princeps
536 3453 750 3504 largitione
762 3456 933 3494 vetustos
946 3463 1034 3505 per-

151 3515 274 3558 vertit
284 3528 410 3560 mores
424 3514 834 3571 Carthaginiensium]
862 3515 907 3559 Is
919 3526 1035 3557 nam·

1099 2263 1197 2306 que,
1208 2257 1257 2292 ut
1272 2250 1471 2292 Barcinae
1486 2249 1682 2300 factioni,
1701 2249 1820 2301 cujus
1840 2247 1985 2289 fautor

1097 2320 1210 2366 erat,
1254 2313 1472 2355 faventem
1510 2314 1716 2367 populum
1762 2311 1985 2362 redderet,

1098 2378 1335 2418 immodicis
1348 2377 1651 2430 largitionibus
1663 2375 1892 2417 utebatur:
1923 2382 1986 2427 et,

1101 2447 1152 2483 ut
1189 2443 1251 2482 ait
1287 2442 1434 2483 Livius
1473 2440 1630 2482 Annal.
1667 2450 1767 2480 xxi.
1814 2439 1826 2461 ‘
1848 2438 1984 2478 Plura

1102 2506 1278 2546 consilio
1298 2517 1425 2558 quam
1444 2504 1486 2544 vi
1507 2515 1678 2557 gerens,
1696 2501 1897 2554 auspiciis
1918 2512 1983 2541 re-

1100 2568 1292 2620 gulorum
1324 2568 1476 2620 magis,
1506 2565 1874 2618 conciliandisque
1906 2575 1985 2616 per

1099 2631 1334 2672 amicitiam
1363 2630 1611 2684 principum
1629 2630 1750 2670 novis
1770 2628 1985 2681 gentibus,

1097 2705 1224 2748 quam
1243 2694 1359 2735 bello
1379 2699 1455 2735 aut
1475 2693 1618 2745 armis,
1635 2703 1724 2733 rem
1746 2693 1895 2733 auxit?

1151 2762 1171 2784 ⁷
1197 2757 1458 2811 Eiusdemque
1467 2761 1556 2810 post
1569 2755 1752 2808 mortem]
1780 2755 1848 2796 De
1864 2755 1984 2808 eujus

1096 2821 1246 2863 mortis
1265 2833 1425 2874 genere
1442 2834 1526 2862 non
1555 2819 1833 2861 consentiunt
1851 2819 1982 2860 histo-

1098 2885 1195 2926 rici.
1251 2886 1397 2926 Livius
1433 2883 1590 2925 Annal.
1623 2893 1724 2924 xxi.
1760 2889 1807 2923 et
1844 2881 1983 2935 Appi·

1099 2960 1222 2996 anus,
1238 2947 1377 3001 ipsum
1397 2948 1439 2988 in
1456 2946 1686 2989 venatione
1703 2944 1984 2987 interfectum
2024 2960 2027 2964 ·

1098 3013 1322 3065 ses-ibunt3
1346 3013 1544 3056 Justinus
1573 3017 1620 3053 et
1635 3012 1783 3052 Valet.
1803 3011 1922 3051 Max.
1957 3022 1983 3050 a

1100 3089 1226 3118 servo
1254 3078 1321 3118 sui
1350 3077 1511 3118 domini
1539 3074 1692 3116 mortis
1722 3072 1982 3114 ulciscenda

1099 3150 1230 3180 causa
1255 3139 1443 3181 occisum
1475 3151 1568 3179 esse
1598 3138 1746 3178 siunt:
1776 3135 1983 3189 Polybius

1101 3214 1204 3243 vero
1221 3202 1277 3243 de
1292 3207 1420 3243 nocte
1434 3202 1476 3242 in
1491 3201 1732 3242 diversorio
1746 3211 1822 3239 suo
1838 3211 1863 3240 s
1879 3210 1984 3251 quo·

1100 3265 1199 3306 dam
1244 3264 1373 3306 Gallo
1418 3265 1682 3317 privatarum
1726 3261 1982 3315 injuriarum

1101 3339 1231 3368 causa
1246 3326 1523 3367 interemtum
1542 3324 1691 3366 refert.

1154 3395 1181 3417 '⁹
1208 3390 1472 3442 Posteaquam
1498 3400 1606 3430 mare
1635 3386 1819 3439 transiit]
1854 3387 1981 3429 Scili-

1100 3457 1187 3505 cet,
1215 3451 1374 3494 fretum
1392 3450 1672 3502 Gaditanum,
1701 3458 1747 3493 et
1775 3449 1980 3492 Herculis

1100 3515 1334 3558 columnas.
