2346 3886
629 257 851 297 annum
893 254 1136 315 Menon.
1175 255 1242 296 m
1285 256 1337 297 c.
1374 255 1642 297 aaron.
1973 245 2045 302 57

239 375 378 419 Olymp.
463 376 535 410 An.
552 377 598 410 U.
644 377 689 409 A.
708 377 790 410 Chr.
805 377 855 412 N.

218 438 312 488 137,
337 438 380 479 4.
486 438 580 478 523.
688 438 782 478 229.
866 436 1088 479 Hamilcar
1111 438 1155 478 in
1183 437 1333 492 praelio
1361 442 1515 480 contra
1531 438 1745 479 Vettones
1763 437 1899 491 cadit,
1916 439 2044 493 eique

683 500 686 503 ’
718 508 721 511 “
910 503 1176 558 Hasdrubal,
1192 517 1340 559 gener,
1351 505 1585 558 imperator
1604 503 1827 547 sufficitur.
1858 506 2044 548 Hamilc.

913 573 952 612 3.
972 577 1019 612 et
1036 575 1077 612 4.

234 661 372 678 .....
491 666 503 677 .
522 663 537 677 .
554 666 566 678 .
692 666 704 677 .
725 667 736 678 .
757 666 770 680 .
864 636 1086 681 Hannibal
1104 638 1315 692 equitatui
1333 644 1521 691 praeest.·
1543 638 1779 691 Hannibal,
1799 642 1840 679 3.

207 700 310 756 139,
334 704 374 742 4.
482 707 578 745 531.
686 708 781 746 221.
864 705 1129 746 Hasdrubali
1160 706 1393 748 interfecto
1425 706 1619 748 succedit
1651 706 1873 748 Hannibal
1910 718 2040 747 annos

909 775 979 812 26.
999 777 1140 813 natus.
1169 772 1358 814 Hamilc.
1379 777 1421 813 3.
1450 772 1643 815 Hannib.
1663 778 1704 816 3.

232 863 369 879 .....
490 862 501 878 .
520 866 531 878 .
552 867 563 879 .
689 867 700 879 .
720 867 733 880 .
751 868 763 880 .
858 837 1079 880 Hannibal
1092 851 1180 880 non
1206 844 1299 883 toto
1319 840 1421 881 inde
1437 841 1622 881 triennio
1637 846 1772 882 totam
1788 840 2040 893 Hispaniam

909 906 1086 959 subigit.
1114 906 1305 952 Hannib.
1325 911 1366 948 3.

214 974 307 1023 Mo,
334 974 373 1014 1.
480 975 573 1014 532.
618 1004 621 1009 .
681 975 775 1013 220.
855 972 1078 1015 Hannibal
1116 978 1339 1027 expugnat
1375 973 1578 1028 deletque
1613 974 1862 1026 Saguntum.
1919 975 2041 1015 Han-

909 1040 1001 1081 nib.
1022 1043 1064 1082 3.

214 1107 308 1158 uo,
332 1108 373 1148 2.
479 1109 573 1148 533.
681 1111 775 1150 219.
857 1109 972 1150 Belli
1005 1108 1161 1151 Punici
1193 1109 1372 1150 secundi
1402 1121 1480 1162 per
1499 1120 1599 1150 ann.
1621 1111 1687 1149 17.
1708 1108 1838 1149 tracti
1856 1107 2041 1148 initium.

233 1201 369 1214 .....
480 1203 492 1216 .
511 1203 522 1216 .
543 1203 556 1216 .
683 1205 695 1217 .
714 1205 727 1217 .
745 1204 758 1217 .
857 1176 1077 1218 Hannibal
1093 1189 1148 1218 ex
1165 1178 1380 1230 Hispania
1398 1189 1478 1230 per
1497 1176 1648 1218 Gallos
1667 1181 1714 1217 et
1731 1174 1868 1228 Alpes
1887 1175 2041 1215 transit

909 1242 956 1283 in
973 1242 1161 1303 Italiam.
1188 1244 1335 1285 Hann.
1355 1247 1396 1284 3.

231 1332 244 1346 .
262 1334 305 1348 .-.
320 1333 332 1346 .
355 1335 366 1348 .
487 1337 502 1350 .
519 1336 531 1349 .
550 1336 562 1350 .
689 1339 700 1351 .
720 1338 733 1350 .
752 1338 764 1351 .
857 1307 980 1352 Idem
1011 1307 1207 1364 confligit
1233 1322 1333 1352 cum
1351 1309 1555 1362 Scipione
1574 1309 1673 1350 Cos.
1695 1308 1749 1349 ad
1768 1307 2039 1350 Rhodanum.

904 1375 974 1416 Ib.
990 1379 1033 1416 4.
1063 1377 1171 1418 Cum
1201 1377 1351 1417 eodem
1384 1376 1438 1416 ad
1471 1375 1654 1417 Padum.
1674 1379 1716 1417 4.
1745 1375 1853 1416 Cum
1886 1374 2039 1415 eodem

908 1446 1084 1500 eiusque
1102 1445 1267 1498 collega
1287 1446 1342 1486 ad
1359 1445 1572 1486 Trebiam.
1601 1449 1643 1486 4.

215 1511 305 1561 140,
333 1512 374 1551 3.
482 1515 576 1554 534.
683 1515 778 1554 218.
859 1511 983 1552 Idem
1003 1510 1198 1563 confligit
1226 1524 1324 1552 cum
1345 1511 1553 1551 Flaminio
1574 1511 1673 1552 Cos.
1694 1510 1811 1564 apud
1828 1510 2040 1552 Trasime-

906 1590 1022 1620 num.
1036 1582 1078 1621 4.
1104 1579 1215 1620 Cum
1231 1579 1442 1619 Centenio
1459 1583 1660 1630 proetore.
1680 1582 1720 1619 4.
1750 1578 1930 1623 Fabium
1946 1577 2038 1617 dic·

905 1650 1090 1686 tutorem
1123 1645 1276 1686 eludit.
1301 1649 1343 1685 5.
1371 1645 1548 1698 (Inepte
1576 1644 1748 1698 quidem
1776 1645 1872 1685 loco
1903 1641 2038 1684 refer·

304 1730 308 1738 *
905 1709 1010 1765 tur).
1038 1709 1216 1763 Rufum,
1233 1711 1484 1763 magistrum
1501 1711 1713 1764 equitum,
1731 1711 1869 1764 fugat.
1889 1715 1930 1753 5.

211 1779 304 1828 140,
329 1780 372 1819 4.
477 1780 571 1820 535.
678 1781 774 1821 217.
857 1779 1010 1831 Pugna
1042 1777 1294 1830 Cannensis,
1321 1778 1366 1818 in
1400 1791 1485 1832 qua
1511 1779 1651 1818 Varro
1668 1783 1731 1819 >et
1761 1778 1923 1818 Paulus
1943 1777 2039 1819 Css.

902 1846 957 1886 ab
974 1844 1220 1887 Hannibale
1238 1846 1481 1888 vincuntur.
1499 1848 1540 1886 4.
1568 1846 1745 1897 Fragm.
1760 1848 1800 1885 2.
2010 1862 2013 1864 ·

210 1911 303 1962 141,
329 1913 368 1953 3.
475 1915 570 1953 538.
677 1914 772 1954 214.
854 1911 990 1953 Fabio
1023 1916 1070 1953 et
1100 1912 1316 1953 Marcello
1346 1912 1441 1953 Css.
1472 1912 1583 1952 Cato
1610 1911 1805 1952 tribunus
1836 1910 2036 1953 militum.

388 1999 393 2005 ·
903 1980 1002 2021 Cat.
1021 1982 1064 2021 1.

209 2047 302 2096 141,
327 2047 367 2085 4.
473 2047 568 2087 539.
673 2049 767 2088 213.
850 2046 1089 2097 Gracchus,
1120 2046 1270 2087 consul
1297 2056 1367 2097 11„
1401 2045 1455 2086 ab
1475 2044 1724 2086 Hannibale
1753 2043 2031 2089 interficitur.

903 2114 1052 2155 Hann.
1071 2118 1113 2155 5.
1361 2134 1365 2138 ’
1716 2147 1733 2169 s
1915 2147 1918 2150 .
2014 2135 2016 2137 >

207 2179 301 2228 143,
327 2180 365 2219 1.
472 2180 566 2220 544.
673 2182 770 2222 208.
850 2180 1104 2233 Marcellus,
1121 2180 1317 2234 quintum
1336 2180 1501 2233 consul,
1528 2178 1584 2221 ab
1603 2178 1849 2221 Hannibale
1869 2178 2035 2219 interfi-

900 2248 1027 2290 citur.
1074 2247 1220 2289 Hann.
1239 2252 1280 2288 5.

208 2312 301 2362 143,
327 2313 366 2351 2.
472 2314 567 2354 545.
673 2316 768 2355 207.
851 2313 1118 2367 Hasdrubal,
1159 2314 1300 2356 frater
1335 2313 1608 2365 Hannibalis,
1644 2312 1763 2354 cadit
1798 2312 1843 2352 in
1880 2311 2032 2364 praelio

900 2381 1016 2433 apud
1034 2381 1193 2423 Sena-m
1213 2381 1355 2422 victus
1387 2393 1412 2421 a
1441 2381 1617 2421 Nerone
1648 2379 1720 2420 Cs.
1752 2379 1823 2419 cui
1850 2379 2034 2419 interest

902 2447 1024 2489 Cato.
1065 2449 1164 2489 Cat.
1183 2453 1223 2488 1.

206 2512 301 2558 144,
328 2512 368 2551 4.
475 2515 571 2554 547.
678 2515 774 2554 205.
855 2512 910 2554 Ρ.
928 2512 1090 2566 Scipio,
1122 2519 1220 2566 post
1245 2512 1479 2555 Africanus
1510 2512 1649 2565 major
1677 2511 1836 2563 dictus,
1869 2512 2031 2553 bellum

898 2579 1107 2621 transfert
1122 2580 1167 2620 in
1186 2578 1395 2622 Africam,
1416 2580 1560 2621 Hann.
1578 2583 1619 2622 6.
1648 2580 1759 2620 Cato
1777 2579 1871 2631 ejus
1892 2591 2030 2632 quaes-

899 2651 983 2687 tor.
1012 2646 1109 2688 Cat.
1129 2649 1170 2687 1.

204 2711 299 2761 144,
326 2713 365 2751 1.
472 2714 566 2753 548.
674 2714 768 2753 204.
850 2711 1070 2753 Hannibal
1086 2712 1271 2766 patriam
1290 2712 1512 2754 defensum
1538 2724 1593 2754 ex
1613 2712 1743 2755 Italia
1760 2713 1804 2753 in
1830 2712 2029 2755 Africam

899 2784 1142 2821 revocatur.
1172 2779 1316 2821 Hanu.
1341 2783 1383 2822 6.

206 2845 299 2895 144,
323 2846 366 2884 2.
472 2847 565 2886 549.
673 2849 769 2887 203.
850 2846 1073 2888 Hannibal
1094 2847 1281 2888 vincitur
1299 2859 1325 2887 a
1342 2847 1545 2899 Scipione
1565 2846 1619 2887 ad
1640 2847 1830 2888 Zamam.
1850 2850 1892 2888 6.

206 2912 299 2962 144,
323 2912 366 2952 3.
471 2915 568 2952 550.
673 2917 768 2955 202.
850 2914 963 2955 Belli
980 2915 1135 2956 Punici
1156 2914 1334 2955 secundi
1352 2913 1463 2955 finis.
1483 2917 1524 2954 7.

205 2976 299 3028 145,
324 2978 364 3019 1.
469 2980 565 3021 552.
671 2982 768 3022 200.
847 2980 1068 3023 Hannibal
1096 2982 1308 3023 exercitui
1339 2986 1501 3035 praeest
1531 2993 1626 3022 cum
1654 2980 1844 3032 Magone
1873 2978 2026 3031 fratre,

897 3059 1054 3100 resque
1084 3048 1128 3101 ip
1165 3046 1316 3089 Africa
1348 3048 1462 3100 gerit
1499 3059 1636 3100 usque
1667 3045 1722 3087 ad
1757 3046 2026 3086 consulatum

895 3112 1081 3166 Sulpicii
1093 3117 1139 3155 et
1156 3112 1340 3155 Aurelii.
1358 3117 1400 3154 7.

221 3205 356 3220 .....
481 3207 492 3219 .
512 3206 524 3220 .
542 3206 554 3219 .
678 3209 690 3221 .
708 3209 720 3222 .
738 3208 750 3222 .
849 3180 956 3220 Cum
976 3179 1166 3232 Magone
1184 3179 1354 3220 domum
1376 3182 1623 3219 revocatur.
1643 3181 1684 3218 1.

205 3247 296 3295 145,
323 3247 363 3285 3.
469 3249 565 3287 554.
673 3250 764 3288 198.
845 3246 973 3298 Cato,
1002 3250 1165 3298 praetor
1194 3244 1351 3296 factus,
1378 3244 1620 3286 Sardiniam
1650 3242 1918 3296 provinciam
1948 3244 2025 3286 ob·

895 3314 1021 3356 tinet.
1068 3314 1166 3356 Cat.
1189 3316 1228 3354 1.
1277 3311 1349 3354 ef.
1371 3312 1467 3353 Liv.
1485 3321 1638 3352 xxxu.
1658 3314 1701 3351 7.

203 3381 296 3432 140,
325 3383 362 3422 1.
470 3383 565 3421 556.
675 3383 766 3423 196.
848 3379 914 3422 Μ.
932 3380 1159 3432 Marcello,
1184 3380 1232 3420 L.
1254 3377 1498 3420 Furio-Cas.
1521 3375 1756 3429 Hannibal,
1774 3376 1902 3420 domo
1921 3389 2018 3432 pro·

893 3445 1036 3500 fagus,
1056 3446 1109 3487 ad
1128 3445 1408 3498 Antiochum,
1425 3442 1561 3498 Syriae
1577 3455 1742 3497 regem,
1761 3443 1865 3487 abit.
1884 3448 1924 3487 7.
