2326 3860
675 243 742 284 11.
803 243 1325 299 ranulsroonnu,
1359 246 1496 289 cm».
1532 235 1587 289 2.
1657 246 1661 277 1

205 369 220 394 Γ
235 358 408 404 'eumz
424 357 920 416 Praetorapopulofactue]
937 364 1092 417 Neque

204 422 253 465 in
271 426 500 480 Corcyraeo
521 427 636 467 bello
666 428 758 479 egit
788 428 1093 479 imperatorem

205 499 284 530 seu
298 495 544 542 primorem,
564 489 640 530 sed
657 491 816 532 arbiter
834 492 961 532 datus
975 493 1092 532 inter

205 552 460 605 Corcyraeos
491 559 538 593 et
565 554 810 595 Corinthios
836 567 914 606 pro
932 555 1093 607 Corcy-

204 617 304 657 raeis
325 617 556 670 judicavit,
587 624 634 659 et
658 620 814 660 bellum
833 620 1091 670 composuit,

202 685 257 722 ut
289 693 315 721 a
347 682 582 722 Plutarcho
608 683 812 724 traditum
843 690 936 723 est:
978 681 1091 733 γενό-

202 756 319 793 μενος
333 743 412 796 ’γὰρ
430 744 557 784 αὐτῶν
573 744 844 798 (Corcyraeos
873 745 1093 798 intellige)
1116 779 1122 785 .

199 806 337 859 ’κριτὴς
351 807 448 860 πρὸς
466 807 685 860 Κορινθίους
704 807 877 859 ἐχόντων
889 809 1091 860 διαφορὰν,

183 869 322 912 ιέλυσε
339 871 414 920 τὴν
434 871 592 925 ἔχθραν,
621 874 740 914 εἴκοσι
764 873 945 915 τάλαντα
963 873 1092 927 κρίνας

199 932 293 975 τοὺς
311 935 530 987 Κορινθίους
545 938 803 982 καταβαλεῖν.
842 938 1015 988 Lon-gol.

257 998 525 1052 Fer-ociorem]
573 999 644 1041 Ad
677 1000 1011 1052 periclitandum
1047 1013 1091 1043 a·

201 1061 369 1115 liosque
388 1063 661 1105 lacessendos
681 1065 987 1116 proterviorem
1003 1066 1091 1106 sive

199 1124 514 1167 animosiorem.
537 1128 676 1168 Cicer.
695 1128 837 1181 Epist.
865 1130 878 1152 ‘
899 1129 1092 1170 Victoria

198 1188 395 1230 reddidit
414 1191 625 1232 bominem
640 1191 928 1245 ferociorem:
946 1193 987 1232 in
1004 1205 1090 1234 ma·

200 1249 286 1293 lam
311 1259 495 1305 partem.

195 1341 200 1345 -
257 1316 430 1363 Qua-ex
446 1319 618 1359 metallis
642 1319 814 1371 redibat]
843 1318 1090 1372 Argentifo-

200 1378 330 1430 dinis,
348 1387 397 1421 ut
417 1381 564 1421 Graeci
586 1381 795 1433 referunt,
810 1395 865 1423 ne
878 1383 1090 1436 quaelibet

198 1444 377 1484 metalla
395 1444 696 1496 intelligamus.
740 1445 832 1486 Iste
853 1454 1089 1498 proventus

202 1507 484 1548 Laureoticus
516 1513 628 1559 erat,
662 1520 688 1548 a
721 1510 888 1550 Laureo
920 1508 1086 1550 Atticae

191 1569 464 1622 regiuncula,
482 1571 525 1610 in
542 1583 626 1623 qua
639 1570 799 1612 fodinae
814 1578 941 1613 erant
956 1572 1089 1614 Athe·

198 1633 420 1674 niensium.
446 1634 615 1684 Suidas,
646 1635 843 1686 Thucyd.
875 1647 926 1676 11.
952 1641 998 1676 et
1023 1649 1086 1677 vi.

198 1697 330 1737 Paus.
349 1698 392 1738 in
405 1695 506 1738 Ati„
521 1697 663 1739 Strab.
680 1710 750 1739 ιιι.
770 1704 814 1739 et
835 1709 901 1740 rx.
917 1699 1087 1741 vitruv.

198 1770 283 1803 vn.
305 1760 522 1802 Coeterum
544 1762 778 1814 descripsit
805 1763 887 1803 hoc
920 1775 973 1803 ex
1000 1763 1088 1803 He-

198 1825 353 1867 rodoto
390 1825 464 1866 lib.
499 1835 590 1866 vu.
626 1826 905 1877 Plutarchus,
943 1839 967 1868 a
1002 1839 1086 1879 quo

197 1889 369 1930 Probus
401 1895 469 1930 est
499 1894 733 1929 mutuatus.
776 1890 940 1939 Longoz.
1018 1891 1087 1930 De

188 1958 412 2005 -proventu
441 1953 698 1993 Laurentico
726 1951 933 2005 legendus
956 1952 1088 2004 Poly-

198 2027 318 2058 aenus
355 2016 430 2058 lib.
459 2028 490 2057 1.
523 2017 568 2056 in
599 2016 809 2056 Tbemist.
843 2015 1010 2056 Comm.
1047 2021 1086 2058 5.

194 2079 388 2120 Verbum
405 2080 537 2120 redire
550 2077 798 2133 significans
815 2077 1008 2131 πρόσοδον
1024 2091 1090 2119 ra-

196 2141 325 2182 rioris
336 2154 451 2183 usus.
477 2143 633 2184 Cicero
651 2154 731 2195 pro
745 2143 925 2184 Roscio:
949 2146 959 2166 ‘
979 2143 1090 2184 Haec

195 2204 310 2245 bona
328 2204 373 2245 in
393 2205 561 2246 tabulas
582 2206 772 2258 publicas
787 2207 925 2247 nullas
951 2206 1090 2247 redie-

186 2267 328 2308 .rnnt.'
358 2268 582 2309 Gebhard.
629 2268 853 2310 videndus
874 2270 1088 2311 Meursius

188 2330 402 2371 Fortunas
424 2330 587 2372 Atticae
611 2343 707 2384 cap.
726 2335 766 2373 7.

194 2415 198 2419 ·
250 2395 328 2435 lue
353 2396 552 2447 persuasit
579 2395 742 2449 populo]
777 2395 861 2437 Dio
887 2396 1090 2440 Prnsaeus

192 2461 323 2502 Orat.
344 2464 413 2502 25.
442 2462 455 2484 ‘
477 2462 549 2502 De
577 2461 679 2514 illo,’
714 2470 869 2512 nempe
900 2460 1089 2502 Themis—

192 2525 330 2575 tocle,
373 2526 385 2548 ‘
406 2524 625 2574 audivisti,
659 2524 773 2578 quod
800 2524 1088 2566 Athenienses

186 2588 336 2628 navali
358 2589 510 2640 praelio
545 2594 713 2629 certare
747 2588 959 2642 coegerit,
990 2602 1088 2631 cum

185 2657 329 2692 ¹autea
347 2649 534 2692 fuissent
552 2651 755 2703 pedites!
783 2652 938 2699 ,Er-nst.

210 2708 485 2756 *Maritimae
506 2714 730 2767 proedms]
780 2714 974 2755 Purioris
1007 2715 1089 2756 aevi

194 2778 430 2830 scriptores
465 2778 478 2801 ‘
495 2777 778 2818 Praedonem'
809 2783 896 2818 tam
916 2779 960 2819 in
980 2780 1088 2819 mari

192 2851 322 2893 quam
342 2841 384 2880 in
404 2845 525 2880 terra
552 2841 883 2882 latrocinantem
918 2847 1088 2883 vocant.

191 2902 352 2943 Cicero
382 2903 425 2943 in
446 2904 641 2956 Verrem,
667 2905 679 2926 ‘
699 2903 857 2944 Fecisti
879 2903 998 2955 item,
1022 2905 1088 2945 uti

192 2963 420 3018 predones
440 2966 609 3007 solent:
653 2967 725 3019 qui
745 2979 873 3019 quum
901 2978 1086 3007 commu-

187 3039 270 3069 nes
283 3029 371 3069 sint
387 3029 531 3070 hostes
546 3030 748 3080 omnium,
767 3035 908 3070 tamen
921 3030 1086 3083 aliquos

187 3092 273 3134 sihi
312 3093 543 3133 instituunt
586 3094 767 3144 amicos,
803 3093 957 3146 quibus
1001 3106 1086 3133 nou

187 3156 323 3197 modo
354 3161 555 3207 parcant,
587 3168 739 3196 verum
771 3157 906 3197 etiam
937 3156 1086 3208 praeda

189 3232 298 3273 quos
316 3223 531 3271 augeant:
580 3219 817 3272 Conjnngit
835 3217 950 3258 idem
966 3218 1086 3259 Prae·

191 3283 348 3324 donem
383 3288 430 3323 et
457 3282 668 3332 Pii-atam,
711 3281 897 3321 ibidem:
937 3282 950 3304 ‘
974 3281 1085 3321 Haec

185 3347 358 3387 civitati
392 3346 464 3386 isti
498 3345 689 3397 praedoni
716 3356 767 3385 ac
801 3344 955 3397 pirate
978 3344 1084 3383 Sici-

189 3410 318 3452 liensi
353 3410 550 3453 Phaselis
578 3408 695 3450 fuit!
752 3409 811 3449 Et
845 3413 996 3448 auctor
1030 3407 1085 3447 ad

189 3473 489 3519 fleremiumz
519 3474 532 3498 ‘
556 3473 698 3516 Urbes
729 3472 882 3526 piratis
914 3470 1085 3526 prado·

1942 232 2052 289 2131

1158 365 1372 419 nibusque
1419 366 1688 419 patefactas?
1755 366 1842 409 Sed
1891 365 2056 409 Noster

1159 429 1387 481 distinguit
1401 431 1633 482 Epitheto‘
1650 429 1882 482 maritimi,’
1902 437 1952 472 ut
1971 432 2056 472 Va-

1160 495 1237 535 ler.
1255 495 1378 535 Max.
1401 505 1465 535 vr.
1495 497 1533 535 9.
1563 499 1629 535 15.
1659 494 1714 535 de
1742 496 1792 536 C.
1813 494 1933 536 Julio
1960 496 2056 583 Co.-

1157 569 1267 598 snre.
1312 558 1514 599 Gebhard.
1635 586 1639 590 -

1214 623 1394 676 Xerxes]
1420 623 1544 664 Darii
1579 623 1704 664 filius.
1737 623 1903 665 Herod.
1936 624 2056 665 Thu·

1158 700 1542 754 cyd.Diod.P1ut.
1574 701 1623 741 1n
1638 701 1770 741 Tarm
1786 692 2050 773 jisui&

1159 801 1429 854 Isphandiar.
1448 805 1499 845 In
1514 816 1622 844 sacr.
1636 805 1776 844 annal.
1793 804 2050 852 ΨῚἾῚΦΠΒ,

1157 871 1208 907 ut
1225 879 1279 907 ex
1299 869 1469 908 nomine
1490 868 1647 919 probat
1666 868 1873 920 Scaliger.
1918 868 2052 909 Vide-

1158 922 1228 970 t'ur
1263 937 1364 983 post
1391 931 1548 984 Cyrum
1587 943 1742 972 nomen
1781 930 2047 982 gentilitium

1157 992 1288 1034 finisse
1313 995 1483 1035 Xerxes
1513 1001 1560 1036 et
1575 994 1858 1046 Artaxerxes,
1892 1000 2053 1046 praetm·

1154 1067 1310 1098 nomen
1324 1058 1437 1110 quod
1451 1057 1672 1099 habebant
1686 1063 1787 1097 ante
1799 1057 2050 1108 Imperium.

1158 1121 1319 1162 Omnes
1339 1124 1509 1174 *Regem
1542 1126 1642 1173 post
1671 1122 1791 1161 illum
1820 1120 2048 1162 memorio.-

1155 1198 1266 1236 sum,
1286 1186 1428 1226 dictos
1459 1183 1709 1237 Ἀρταξέρξης
1727 1185 1788 1224 ait
1816 1183 1948 1224 Diod.
1980 1183 2045 1224 Si·

1156 1248 1278 1288 culus
1301 1259 1381 1290 xv.
1412 1249 1556 1291 Etiam
1587 1247 1745 1287 Darius
1774 1245 1829 1286 ab
1852 1244 2047 1286 Alexan-

1154 1311 1236 1352 dro
1250 1312 1405 1363 victus,
1419 1312 1577 1353 dicitur
1594 1311 1862 1353 Artaxerxes
1879 1309 2047 1350 Iachia-

1156 1375 1224 1415 dae
1238 1375 1293 1415 ad
1305 1376 1477 1416 Daniel.
1496 1380 1561 1417 12.
1578 1381 1690 1416 vs.5.
1724 1377 1790 1416 Ex
1810 1377 2047 1415 utrumn&

1155 1448 1318 1492 autem,
1363 1443 1527 1483 omissis
1575 1444 1877 1495 gutturalibus,
1922 1449 1967 1485 et
2005 1445 2047 1482 tv

1155 1505 1384 1558 quod'fieri
1405 1507 1515 1547 solet
1535 1507 1578 1546 in
1598 1510 1619 1558 ξ
1637 1520 1759 1547 verso
1777 1507 1827 1547 fit
1862 1507 2045 1548 Xwerx.

1155 1571 1213 1610 Et
1234 1571 1333 1623 quia
1350 1584 1387 1610 w
1406 1571 1554 1611 durior
1578 1576 1645 1612 est
1675 1572 1718 1611 in
1748 1570 1894 1611 media
1925 1582 2050 1622 voce,

1155 1635 1285 1675 etiam
1303 1637 1397 1677 haec
1430 1649 1456 1676 a
1483 1636 1651 1677 Graecis
1682 1635 1850 1686 omissa,
1878 1634 2048 1676 factum

1156 1705 1223 1740 est
1239 1701 1376 1752 Xerx,
1392 1707 1438 1741 et
1455 1714 1550 1741 cum
1568 1701 1726 1742 Graeca
1739 1699 2046 1740 terminatione

1157 1762 1343 1804 Xerxes.
1370 1764 1452 1803 Art
1473 1769 1539 1804 est
1559 1763 1900 1803 additamentum
1915 1762 2049 1815 quod·

1148 1823 1255 1865 -dam
1272 1824 1568 1875 honorificum,
1584 1831 1633 1865 ut
1652 1825 1734 1865 Sha
1754 1825 1866 1877 apud
1888 1826 2046 1867 Persas

1157 1888 1437 1938 posteriores.
1493 1887 1714 1940 Significat
1743 1901 1962 1941 magnum,
1985 1890 2049 1933 iu·

1154 1954 1348 2002 terprete
1370 1951 1608 2004 Hesychio.
1649 1953 1845 2003 Scaliger,
1869 1954 2049 1995 Grotius.

1209 2015 1265 2055 Ee
1287 2016 1391 2056 muri
1409 2020 1449 2056 et
1480 2016 1609 2068 terra]
1640 2016 1757 2057 Hine
1777 2017 1874 2058 Val.
1906 2017 2047 2057 Maxi-

1152 2089 1245 2117 mus
1263 2078 1341 2119 lib.
1371 2090 1442 2119 m.
1463 2082 1506 2120 2.
1526 2084 1654 2120 vocat
1680 2082 1693 2103 ‘
1717 2091 1892 2132 gravem
1925 2080 2045 2120 illum

1153 2147 1198 2183 et
1216 2143 1324 2182 mari
1344 2149 1390 2183 et
1410 2149 1541 2184 terrae
1572 2144 1781 2195 Xerxem,
1812 2156 1893 2184 nec
1911 2143 2045 2184 homi-

1152 2205 1279 2246 nihus
1296 2211 1463 2246 tantum
1493 2206 1747 2259 terribilem,
1764 2206 1839 2247 sed
1859 2211 1904 2246 et
1924 2206 1965 2245 N
1970 2219 2044 2259 ep-

1154 2273 1258 2309 tuno
1273 2282 1441 2323 quoque
1462 2270 1771 2323 compedes‚.et
1790 2270 1902 2310 coelo
1924 2275 2045 2311 tene·

1152 2331 1253 2372 bras
1299 2331 1599 2374 minitantem.’
1643 2331 1842 2373 schottus.
1916 2331 2044 2375 Unde

1151 2394 1228 2434 illa
1258 2394 1458 2446 epitheta
1480 2400 1588 2436 nata
1618 2400 1718 2435 sunt
1751 2395 1884 2447 plena
1911 2395 2044 2436 ambi·

1153 2456 1281 2498 tionis
1313 2463 1443 2509 atque
1463 2457 1738 2510 arrogantioe‚
1762 2457 2063 2510 φρενοβλαβὴς·

1151 2522 1216 2564 καὶ
1233 2521 1473 2565 ἀτάσθαλος.
1531 2524 1713 2567 Qualem
1746 2524 1937 2565 Xerxem
1966 2525 2043 2565 de-

1151 2586 1303 2627 scribit
1322 2587 1590 2638 Herodotus,
1621 2588 1749 2628 Musa
1770 2598 1872 2628 vm.
1905 2594 1950 2628 et
1971 2598 2040 2629 xr.

1151 2652 1419 2692 Kenchenim.
1475 2652 1711 2701 Caeterum,
1736 2656 1784 2691 ut
1813 2650 1867 2690 de
1886 2651 2040 2703 copiis,

1153 2715 1218 2755 sic
1256 2714 1312 2755 de
1342 2727 1454 2756 anno
1486 2714 1745 2755 dissentiunt
1775 2714 2040 2766 Scriptores.

1149 2777 1346 2818 Tradunt
1366 2778 1438 2817 alii
1457 2777 1688 2829 contigisse
1712 2776 1821 2816 hanc
1842 2777 1884 2816 in
1906 2777 2041 2816 Euro·

1151 2853 1248 2893 pam
1296 2841 1596 2893 trajectionem
1639 2839 1846 2879 archonte
1891 2838 2042 2891 Callia,

1151 2904 1276 2955 cujus
1334 2904 1504 2945 initium
1555 2902 1815 2943 memoratur
1861 2901 2036 2954 Olymp.

1150 2980 1290 3008 Lxxv.
1327 2981 1436 3008 anno
1472 2971 1509 3007 l.
1552 2967 1719 3006 Auctor
1763 2964 2037 3015 Anonymus:

1149 3030 1328 3078 διάβασις
1358 3030 1497 3082 Ξέρξου
1526 3028 1580 3070 εἷς
1597 3026 1785 3068 Ἐλλάδα.
1831 3025 1967 3078 Ξέρξης
1986 3023 2040 3066 εἷς

1147 3094 1222 3141 τὴν
1250 3092 1431 3140 Ἀττικὴν
1465 3091 1662 3141 ἐμβαλὼν,
1697 3090 1770 3137 τὴν
1805 3088 1876 3139 μὲν
1907 3089 2038 3141 χώραν

1149 3155 1307 3203 ἑδήωσε.
1340 3155 1413 3196 τὰς
1441 3154 1483 3195 δὲ
1510 3153 1673 3202 Ἀθήνας
1702 3152 1940 3203 κατέσκαψε,
1972 3151 2038 3195 καὶ

1147 3218 1238 3259 τοὺς
1269 3217 1385 3259 ναοὺς
1419 3217 1641 3269 ἐνέπρησεν.
1695 3217 1721 3264 ἡ
1751 3215 1815 3255 ἐπὶ
1846 3216 2039 3266 Σαλαμῖνι

1148 3280 1358 3331 ναυμαχία.
1407 3281 1616 3321 Eusebius
1637 3279 1796 3319 Cliton.
1815 3291 1867 3318 u.
1898 3277 2038 3331 Ee'ptns

1149 3342 1201 3384 εἷς
1221 3342 1383 3391 Ἀθήνας
1412 3343 1551 3391 ἐλθὸν,
1585 3341 1795 3394 ἐνέπρησεν
1818 3342 1955 3394 αὐτὰς,
1973 3340 2038 3384 ἐπὶ

1149 3405 1377 3447 Καλλιάδου
1400 3405 1610 3454 Ἀθηναίων
1629 3405 1833 3458 ἄρχοντος.
1876 3405 2037 3448 Viden·

1147 3470 1227 3513 dus
1258 3468 1507 3512 Herodotus
1533 3479 1637 3522 vm.
1671 3468 1877 3513 Meminit
1903 3468 2034 3521 etiam
