2326 3860
684 247 754 289 11.
812 246 1325 300 ἰἯΕΜιεΤοοι-ΕΜ,
1364 234 1630 294 canl...

1935 236 2051 295 42⁹

607 631 700 694 Π.
767 627 1661 695 THEMISTOCLES.

272 815 383 860 cu.
404 829 435 859 r.
464 816 605 859 Neocli
623 818 759 873 filius]
785 818 953 859 Titulus
972 817 1100 870 hujus

213 878 321 921 -vitae
333 893 358 921 a
369 882 571 924 Cornelio
587 884 686 923 talis
703 882 806 923 mihi
822 882 1101 923 videturesse

221 948 482 997 conceptus:
501 956 843 986 ’rm-:ms‘rocms
857 956 1021 987 umen
1037 956 1102 987 1²1-

218 1014 316 1052 uvs
334 1018 655 1051 arm-:manem
699 1010 833 1062 Hujtcs
848 1010 949 1051 vitia
967 1012 1102 1051 ineun-

220 1067 572 1112 tis'adolescentioe.
600 1073 672 1114 Sic
692 1072 985 1126 retingendum
1003 1085 1103 1114 cen-

219 1144 296 1174 seo
315 1134 490 1177 titulum
522 1136 623 1176 vitae
643 1135 938 1179 Alcibiadeae:
979 1147 1103 1178 Atel-

217 1206 383 1237 mAnes
413 1209 589 1239 cumas
614 1210 758 1241 κων-3
775 1211 1103 1243 ATHEMENSJS.

211 1260 272 1300 *In
303 1261 373 1302 hoc
404 1266 563 1314 aarum,
594 1264 662 1314 ξε.
718 1263 842 1304 Idem
868 1264 1102 1305 tenendum

216 1321 263 1363 in
294 1323 535 1376 Timotheo,
564 1325 766 1379 Chabria‚
795 1328 1106 1380 Epaminonda,

218 1386 429 1439 Eumene,
445 1388 730 1440 Timoleonte,
746 1388 980 1431 Annibale.
1001 1389 1104 1430 Ga».

218 1450 333 1491 hard.
353 1454 638 1503 Θεμιστοκλῆς,
649 1454 848 1501 Ἀθηναῖος
859 1452 1106 1506 δημαγωγὸς,

213 1513 441 1555 Νεοκλέους
466 1514 558 1556 υἱός.
586 1515 745 1556 suidas.
801 1516 855 1556 In
885 1516 1103 1558 veteribus

217 1577 339 1618 libris
355 1579 658 1630 manuscriptis
678 1591 729 1620 ea
745 1580 917 1620 nomina
935 1580 1106 1633 Graeca,

219 1656 318 1697 quae
347 1645 498 1696 primae
538 1650 638 1684 sunt
672 1644 969 1686 declinationis
1003 1658 1104 1686 con-

211 1704 477 1759 tractorum,
493 1707 650 1748 Latine
683 1707 738 1747 ab
759 1707 930 1749 AEmilio
958 1708 1106 1750 Probo

219 1782 298 1823 per
331 1769 564 1811 secundam
595 1769 861 1812 redduntur:
901 1777 966 1823 ut,
994 1777 1106 1826 Περι-

212 1834 334 1885 -κλῆς,
361 1833 557 1885 Per-ictus,
577 1834 770 1886 Νεοκλῆς,
786 1834 971 1887 Neoclus,
988 1841 1034 1875 et
1052 1835 1105 1875 si-

212 1897 354 1937 milia.
413 1897 575 1937 Proclus
591 1900 636 1937 in
654 1896 759 1937 Vita
778 1896 992 1949 Agesilai,
1009 1910 1105 1938 cum

219 1961 400 2012 Προκλῆς
418 1960 573 2001 Graece
591 1959 818 2002 scribatur.
847 1961 900 2002 P.
945 1962 1107 2003 Daniel.

220 2023 386 2065 Savaro.
438 2024 600 2064 Verum
625 2023 681 2064 ad
701 2023 954 2065 Ciceronem
982 2025 1105 2066 Lam-

210 2086 347 2127 binus
366 2085 567 2127 observat
597 2086 640 2127 in
670 2087 841 2128 Graecis
867 2087 1106 2140 hujusmodi

215 2149 405 2202 ¹obliquis
433 2162 456 2189 s
488 2161 514 2189 a
543 2147 629 2190 fine
660 2162 777 2202 saepe
807 2150 1033 2202 extritum,
1058 2157 1108 2193 ut

212 2277 285 2329 Iis,
300 2286 379 2328 pro
391 2276 704 2318 Themistoclis.
734 2277 935 2319 Schottus.
989 2280 1108 2322 Sole·

213 2339 330 2380 bant
348 2340 491 2380 Latini
510 2352 596 2381 non
616 2353 715 2381 raro
743 2341 900 2384 Graeca
919 2349 994 2385 aut
1012 2345 1108 2386 bar—

213 2402 331 2443 bara
359 2402 414 2443 ad
444 2404 691 2444 Latinorum
722 2405 932 2448 rationem
965 2406 1110 2450 inflec-

213 2470 319 2507 tere
347 2470 395 2506 et
423 2472 702 2508 commutare.
755 2468 828 2509 Sic
847 2469 927 2510 hoc
948 2470 993 2510 in
1012 2471 1108 2512 loco

221 2540 302 2582 pro
322 2529 526 2581 Nem-lem,
552 2531 756 2579 Neoclum,
783 2538 830 2573 et
848 2532 948 2574 inde
969 2534 1110 2577 Neocli

221 2591 385 2634 Noster
398 2591 522 2645 fecit,
534 2594 894 2646 quemadmodum
908 2601 954 2636 et
964 2599 1108 2650 paullo

208 2660 321 2713 ¹post
341 2669 422 2709 pro
442 2658 605 2698 Neocles
635 2658 679 2698 in
699 2659 954 2711 quibusdam
985 2661 1108 2702 libris

225 2716 412 2771 Neaerae,
442 2726 621 2761 auctore
647 2722 847 2774 Schotto,
873 2723 1109 2766 invenitur.

213 2782 297 2833 ‚Sic
332 2784 474 2824 Cotum
503 2790 550 2825 et
581 2784 624 2824 in
658 2786 848 2826 secundo
881 2798 985 2827 casu
1018 2787 1110 2827 Coti

223 2846 383 2887 Noster
410 2846 524 2887 dixit
538 2847 581 2887 in
607 2847 830 2899 Iphicrate
859 2850 938 2890 sub
965 2848 1111 2903 finem,

216 2910 299 2963 qui
333 2911 456 2963 Cotys
487 2911 592 2951 alias
618 2911 774 2953 Graeca
805 2914 1110 2955 terminatione

223 2972 463 3015 dicebatur.
507 2974 619 3014 Item
641 2976 914 3018 Nectanebum
932 2978 1109 3031 AEgypti

224 3046 386 3088 regem,
418 3036 490 3089 qui
527 3036 761 3077 Nectanebis
792 3039 1027 3080 Plutarcho
1063 3046 1110 3082 et

208 3099 319 3139 aliis
348 3099 525 3140 dicitur.
571 3100 774 3141 Bucam.
842 3100 969 3142 Adde
1003 3102 1109 3143 Vos·

212 3162 332 3212 :sium
352 3161 406 3202 de
427 3162 639 3214 Analogia
657 3174 710 3203 11.
729 3167 770 3203 9.

216 3276 219 3278 Β
290 3225 425 3275 Hnjus
468 3224 569 3265 m'tt'a
613 3226 783 3266 ineuntis
823 3228 1110 3280 adolescentioe]

216 3286 411 3339 ,Achilles
440 3287 589 3327 Tatius
620 3299 725 3327 vur-
755 3288 944 3340 ἐρωτικῶν
974 3301 1109 3341 prope

210 3349 418 3396 ,finemin
434 3350 510 3390 tali
524 3351 723 3403 exemplo
740 3365 750 3391 :
781 3350 880 3402 κάμὲ
899 3350 967 3392 οὖν
979 3353 1110 3395 ὑπεισ-

223 3410 286 3465 ήει
312 3413 361 3453 τὸ
390 3414 463 3454 τοῦ
489 3412 812 3467 Θεμιστοκλέους,
853 3414 913 3455 ὅτι
937 3414 1112 3456 κάκεῖνος

215 3475 300 3533 τὴν
331 3475 486 3529 πρώτην
514 3475 673 3526 ἡλικίαν
701 3476 852 3531 σφόδρα
877 3476 990 3529 δόξας
1023 3476 1113 3519 aad·

1164 826 1314 862 λαστος
1331 817 1444 874 εἶναι,
1459 819 1610 862 πάντας
1624 817 1864 874 ὕπερέβαλεν
1874 815 2053 867 Ἀθηναί-

1164 898 1230 929 ους
1244 883 1421 938 ,ὕστερον
1448 883 1568 938 σοφίᾳ
1596 899 1658 937 τε,
1694 883 1761 925 καὶ
1796 880 2049 937 ἀνδραγαθίᾳ.

1164 947 1310 1001 Atque
1328 948 1440 989 hunc
1470 948 1655 989 colorem
1675 948 1719 988 in
1739 948 1947 996 Caeliana,
1969 956 2049 985 suo

1165 1012 1387 1064 proposito
1421 1011 1719 1053 accommodat
1738 1011 1830 1052 Cic.
1861 1022 1959 1062 cap.
1981 1011 2049 1050 12.

1164 1073 1344 1116 Boecler.
1387 1074 1491 1127 Ipse
1522 1076 1683 1127 quippe
1715 1073 1863 1115 dicere
1899 1072 2050 1113 solitus

1165 1141 1277 1189 erat,
1305 1138 1320 1161 ‘
1342 1148 1518 1190 asperos
1535 1142 1579 1178 et
1597 1136 1827 1178 indomitos
1847 1136 1985 1188 pullos
2004 1135 2051 1176 in

1165 1200 1353 1251 optimos
1374 1212 1519 1254 ,equos
1552 1199 1755 1252 evadere,
1785 1199 1935 1253 siquis
1965 1198 2049 1239 illis

1166 1261 1435 1315 disciplinam
1455 1268 1705 1316 rectamque
1729 1261 2050 1306 institutionem

1165 1324 1404 1367 adhibeat)
1430 1326 1632 1367 Gebhard.
1677 1326 1795 1367 Hinc
1809 1325 1908 1366 Val.
1928 1325 2052 1365 Max-

1164 1387 1272 1428 imus
1293 1388 1371 1429 lib.
1390 1400 1454 1429 vr.
1475 1392 1539 1429 12.
1568 1390 1580 1412 ‘
1600 1389 1730 1440 Piget
1747 1388 2049 1431 Themistoclis

1166 1450 1499 1492 adolescentiam
1519 1451 1752 1503 attingere,
1771 1450 1863 1490 sive
1883 1455 2052 1503 patrem

1166 1514 1387 1566 aspiciam,
1405 1514 1694 1556 abdicationis
1716 1514 1957 1554 inurentem
1977 1525 2054 1554 no-

1165 1582 1279 1628 tam3
1323 1577 1413 1618 sive
1445 1583 1643 1628 matrem,
1667 1576 1896 1629 suspendio
1928 1576 2054 1619 finire

1165 1642 1296 1682 vitam
1317 1646 1498 1694 propter
1510 1641 1589 1682 filii
1602 1641 1913 1694 turpitudinem
1931 1653 2056 1684 coac-

1167 1709 1282 1755 tam;
1310 1717 1406 1746 cum
1426 1706 1614 1745 omnium
1647 1711 1798 1757 postea
1817 1705 1942 1757 Graii
1960 1717 2055 1757 san-

1165 1769 1304 1821 guinis
1323 1770 1511 1811 virorum
1537 1768 1796 1809 clarissimus
1816 1768 2056 1821 exstiterit,

1166 1832 1436 1885 mediumque
1451 1831 1565 1873 Asiae
1586 1837 1631 1873 et
1650 1833 1838 1884 Europae
1872 1832 1941 1872 vel
1961 1831 2057 1885 spei
2077 1853 2079 1855 ·

1166 1895 1234 1934 vel
1255 1893 1574 1948 desperationis
1595 1895 1746 1948 pignus
1766 1893 1914 1946 fuerit.
1943 1895 2056 1936 Haec

1167 1959 1282 2000 enim
1305 1959 1466 2000 salutis
1494 1972 1590 2000 eum
1621 1971 1709 2000 suae
1736 1965 1961 2012 patronum
1981 1960 2057 2000 ha-

1168 2023 1278 2076 buit,
1296 2024 1372 2064 illa
1393 2024 1542 2065 vadem
1565 2023 1758 2065 victoriae
1785 2023 2057 2076 adsumpsit!

1160 2087 1405 2128 Enumerat
1420 2087 1515 2139 ejus
1534 2087 1638 2128 vitia
1655 2087 1826 2129 Plutar.
1842 2093 1887 2128 et
1906 2087 2061 2130 AElian.

1145 2151 1245 2211 [lib.
1260 2163 1312 2193 11.
1336 2155 1400 2192 12.
1432 2151 1584 2194 Schott.

221 2211 417 2264 proxime
437 2212 480 2251 in
499 2210 694 2253 Aristide
716 2213 964 2256 stemmati
978 2229 1109 2268 oequoe
1156 2215 1166 2227 ’“

1180 2250 1187 2253 .
1222 2217 1351 2257 Pater
1388 2215 1471 2266 qius
1503 2217 1672 2257 Neoclus
1701 2227 1912 2267 generosas
1946 2215 2059 2269 fuit]

1169 2278 1233 2320 At
1252 2280 1510 2321 Plutarchus
1531 2285 1708 2320 contra:
1736 2277 1882 2332 πατρὸς
1906 2278 1985 2332 γὰρ
2000 2277 2058 2327 ,ἧν

1170 2343 1388 2385 Νεοκλέους
1402 2343 1447 2383 οὐ
1464 2345 1543 2382 τῶν
1567 2341 1670 2393 ἄγαν
1689 2342 1883 2393 ἐπιφανῶν
1897 2342 2060 2397 Ἀθήνῃ-

1170 2420 1226 2460 σι,
1242 2407 1426 2460 Φρεαρίου
1443 2407 1513 2447 τὸν
1531 2408 1663 2457 δῆμον.
1691 2407 1857 2457 Longol.
1878 2406 2058 2448 Lambin.

1227 2472 1270 2511 Is
1297 2484 1461 2512 uxorem
1491 2470 1741 2511 Acarnanam
1769 2470 1893 2509 civem
1919 2469 2059 2521 duxit]

1170 2533 1370 2574 Turbant
1402 2535 1445 2573 in
1474 2540 1610 2575 matre
1627 2533 1924 2573 Themistoclis
1950 2533 2056 2574 Mss.

1172 2597 1259 2639 Qui
1305 2597 1647 2637 Halicarnassiam
1690 2595 1910 2648 abnegant
1954 2596 2060 2638 Mss.

1172 2658 1354 2699 Codices
1368 2657 1619 2699 Acarnanam
1639 2657 1920 2698 substituunt.
1947 2657 2059 2699 laon·

1172 2720 1308 2772 golius
1330 2722 1495 2773 primus
1510 2722 1699 2761 Carinum
1718 2721 1925 2772 reposuit.
1955 2721 2061 2762 Geb-

1169 2784 1285 2825 hard.
1331 2786 1443 2825 Nam
1465 2785 1623 2825 Carina
1640 2785 1710 2824 vel
1729 2784 1952 2825 Cariatide
1971 2796 2058 2825 ma·

1172 2852 1238 2887 tre
1275 2848 1469 2900 Euterpe
1506 2848 1625 2887 illum
1667 2852 1816 2887 natum
1863 2847 2058 2901 plerique

1172 2911 1419 2963 prodidere.
1474 2911 1528 2951 In
1546 2910 1698 2964 quibus
1731 2915 1799 2950 est
1820 2911 1990 2960 Fanias,
2007 2915 2061 2950 ut

1173 2973 1311 3016 refert
1356 2975 1629 3016 Plutarchus.
1684 2973 1865 3015 Lambini.
1939 2972 2058 3016 Qn'in

1172 3037 1286 3079 idem
1324 3039 1588 3080 Plutarchus
1627 3038 1776 3089 tradit,
1814 3038 2057 3079 Neanthem

1172 3101 1385 3152 quendam
1419 3102 1635 3142 memoriae
1670 3101 1930 3153 prodidisse,
1959 3113 2056 3142 eam

1173 3165 1465 3206 Halicarnassi
1483 3171 1628 3205 natam
1648 3177 1757 3205 esse.
1786 3165 1912 3205 Idem.
1967 3164 2058 3210 Sed

1171 3228 1279 3268 certi
1308 3228 1415 3269 nihil
1437 3227 1494 3268 ob
1522 3228 1769 3279 opinionum
1798 3227 2057 3268 varietatem

1171 3289 1226 3328 de
1246 3290 1415 3330 nomine
1435 3290 1639 3330 constitui
1662 3294 1818 3342 potest.
1862 3289 2060 3335 Maxima

1171 3358 1316 3391 autem
1348 3351 1663 3392 Historicorum
1684 3363 1784 3404 pars
1804 3351 2058 3393 meretricu-

1171 3415 1255 3454 lam
1274 3414 1546 3467 Threjkiam,
1575 3413 1847 3456 Abrotanum
1870 3413 2058 3467 nomine,

1169 3478 1291 3525 illum
1328 3476 1516 3520 edidisse
1551 3482 1753 3541 testatur.
1819 3476 2058 3526 Atheniens
