2326 3860
1108 669 1312 732 XIX.

794 893 1630 972 PHOCION.¹

992 1135 1450 1179 ARGUMENTUM.

297 1274 407 1315 cip,
437 1277 476 1315 1.
504 1271 747 1314 Virtutibus
766 1271 853 1313 suis
872 1272 1046 1325 clarior,
1063 1283 1192 1326 quam
1211 1284 1259 1312 re
1278 1270 1474 1312 militari.
1525 1275 1566 1313 2.
1586 1271 1730 1312 Senex
1748 1269 1792 1311 in
1811 1268 1955 1311 odium
1972 1269 2128 1326 civgium
2209 1303 2215 1305 <
2285 1283 2299 1291 ·

346 1341 561 1394 pervenit.
631 1340 738 1392 Ejus
775 1341 908 1391 culpa
946 1339 1142 1380 Nicanor
1175 1338 1348 1379 Piraeeo
1387 1331 1566 1391 potitur.
1637 1341 1677 1378 3.
1705 1337 1844 1378 Exilio
1881 1337 2131 1378 mulctatur.

348 1408 536 1448 Causam
555 1406 670 1459 apud
690 1406 953 1448 Macedones
973 1406 1117 1447 dicere
1137 1406 1323 1459 cogitur,
1343 1411 1389 1448 et
1407 1405 1601 1448 Athenas
1620 1405 1867 1447 deducitur.
1896 1409 1937 1447 4.
1950 1403 2132 1446 Athenis

349 1474 588 1527 damnatus,
607 1473 662 1515 ad
682 1474 936 1527 supplicium
958 1473 1161 1517 traditur.

941 1663 1467 1686 ιιι-Ἣ...

299 1830 368 1902 P
372 1857 650 1914 H0010N,⁸
701 1847 1081 1915 Atheniensis„
1129 1852 1238 1902 etsi
1294 1865 1444 1917 saepe
1481 1849 1822 1902 exercitibus
1865 1847 2138 1918 praefuit}

296 1950 652 2003 summosque
699 1933 1064 2000 magistratus
1108 1932 1294 2002 cepit3
1335 1939 1522 1987 tamen
1554 1934 1732 1987 multo
1777 1934 1902 2003 ejus
1946 1935 2136 1989 notior

295 2019 574 2086 integritas
619 2023 723 2071 est²
768 2019 922 2082 vitae,
983 2035 1154 2088 quam
1197 2020 1277 2071 rei
1326 2018 1589 2072 militaris
1637 2019 1841 2073 labor.⁰
1928 2019 2137 2088 Itaque

294 2104 460 2174 hujus
496 2105 760 2157 memoria
800 2109 889 2158 est
924 2101 1128 2168 nulla‚‘¹
1163 2104 1316 2158 illius
1370 2108 1555 2158 autem
1591 2120 1793 2172 magna
1832 2103 2014 2159 fama:
2062 2120 2138 2158 ex

1066 2254 1367 2272 “‘OOOOONOO

353 2349 376 2386 1
408 2345 619 2387 Phocionis
647 2348 732 2388 vita
765 2347 844 2388 Ed.
879 2347 1002 2390 Jens.
1038 2347 1163 2388 Med.
1190 2346 1297 2399 Arg.
1328 2345 1429 2387 Par.
1448 2344 1550 2386 Ald.
1572 2344 1793 2397 Loug.—2
1821 2343 1894 2386 Sic
1912 2343 1995 2386 Ed.
2015 2343 2141 2387 Jens.

299 2399 422 2440 Med.
443 2398 549 2451 Arg.
571 2401 674 2442 Par.
689 2400 788 2443 Ald.
810 2403 945 2453 Long.
961 2401 1054 2454 (qui
1075 2406 1204 2441 antea
1219 2401 1354 2441 habet
1371 2412 1477 2450 mag.
1496 2398 1652 2452 «παρίω
1666 2399 1814 2440 Lamb.
1833 2398 1983 2452 steph.
1999 2398 2142 2442 Gebh.

299 2453 453 2493 Boecl.
476 2454 647 2495 Kench.
678 2455 799 2506 [Bos.
819 2459 860 2496 1.
879 2459 919 2496 2.
952 2456 1089 2495 Heus.
1108 2456 1193 2495 Ith.
1213 2454 1368 2495 Heinr.
1386 2455 1528 2494 Wetz.
1545 2453 1763 2494 Schmied.
1784 2450 1923 2494 Paufl.
1977 2451 2065 2495 Sed
2080 2456 2143 2494 est

301 2506 454 2548 aberat
472 2520 499 2548 a
516 2508 599 2549 Ms.
619 2509 743 2550 Voss.
764 2513 803 2550 1.
823 2513 863 2550 2.
883 2507 968 2550 Ax.
990 2508 1112 2551 Leid.
1130 2513 1172 2550 2.
1202 2508 1285 2551 Ed.
1304 2509 1424 2550 Stav.
1445 2511 1482 2550 1.
1496 2510 1538 2549 2.
1551 2510 1592 2549 3.
1620 2507 1746 2548 Harl.
1762 2505 2000 2549 Tzschuck.
2017 2510 2057 2550 1.
2075 2505 2141 2559 2.]

1134 2629 1315 2672 NOTAE

349 2725 369 2745 ²
398 2719 595 2772 Phocion]
639 2721 783 2773 Hujus
830 2729 1014 2775 patrem,
1056 2737 1183 2777 quem

295 2780 451 2821 Suidas
470 2780 663 2822 Phocum
681 2790 824 2833 vocat,
839 2786 1025 2826 Fabrum
1047 2785 1183 2827 Coch-

294 2844 475 2885 learium
512 2844 642 2885 fuisse
676 2848 826 2887 scribit
855 2849 1047 2889 AEliauus
1078 2850 1182 2891 Var.

293 2906 416 2948 Hist.
433 2906 507 2946 lib.
529 2918 645 2947 xxn.
666 2913 732 2949 43.

351 2968 371 2997 ¹²
398 2969 512 3022 Soepe
531 2971 769 3010 exercitibus
788 2971 970 3024 proesuit]
1001 2973 1053 3012 Id
1075 2986 1186 3024 prae-

298 3033 450 3075 sertim
465 3046 519 3074 ex
539 3035 772 3075 Plutarcho
786 3042 924 3087 patet,
939 3036 1053 3087 quod
1068 3037 1187 3089 quin-

299 3098 420 3151 quies
440 3104 486 3138 et
507 3099 761 3150 quadragies
792 3100 1055 3140 exercitibus
1077 3113 1187 3152 prae-

297 3160 396 3211 fuit,
417 3174 512 3202 cum
546 3174 598 3200 ne
628 3163 760 3202 semel
796 3163 966 3215 quidem
987 3163 1187 3205 comitiis

298 3224 584 3267 interfuisset.
1119 3233 1129 3240 ‘

353 3293 372 3314 e
402 3290 531 3334 Quum
544 3290 601 3329 rei
616 3291 802 3330 militaris
814 3291 942 3343 labor]
972 3292 1188 3331 Summam

300 3361 351 3391 ac
366 3343 457 3390 fere
472 3353 768 3394 incredibilem
783 3355 876 3406 ejus
894 3356 1189 3406 integritatem

301 3411 436 3455 fuisse
458 3428 635 3456 necesse
654 3426 738 3468 est,
756 3431 851 3458 cum
884 3419 1012 3458 etiam
1045 3418 1189 3458 notior

299 3477 472 3521 dicatur
484 3480 576 3532 ejus
590 3481 692 3522 belli
706 3481 946 3535 laboribus3
965 3482 1192 3538 siquidem,

1252 2731 1302 2765 ut
1338 2737 1438 2766 mox
1472 2723 1636 2765 dictum
1680 2727 1748 2764 est
1794 2734 1852 2763 ex
1887 2720 2142 2774 Plutarcho,

1251 2787 1479 2841 quinquies
1514 2792 1560 2828 et
1591 2786 1850 2840 quadragies
1877 2783 2140 2826 exercitibus

1252 2848 1443 2903 praefuit,
1461 2855 1507 2890 et
1526 2849 1836 2900 octogesimum
1857 2848 1990 2889 etiam
2008 2857 2142 2901 agens,

1253 2925 1410 2953 annum
1429 2925 1454 2953 a
1475 2913 1635 2965 populo
1665 2924 1851 2964 praeesse
1876 2912 2027 2963 jussus
2055 2914 2144 2964 est,

1252 2988 1307 3015 ex
1326 2976 1478 3015 eodem
1500 2975 1749 3015 Plutarcho.

1306 3036 1325 3064 θ
1353 3038 1493 3090 Itaque
1510 3038 1623 3087 hujus
1649 3038 1833 3078 memoria
1851 3043 1910 3077 est
1926 3035 2054 3089 nuuc]
2083 3028 2142 3078 Id

1256 3112 1358 3140 saue
1380 3100 1623 3152 respective
1652 3101 1828 3150 dicitur,
1847 3108 1895 3141 et
1912 3101 2060 3141 habita.
2075 3111 2143 3140 rn-

1257 3164 1374 3204 tione
1395 3164 1485 3219 ejus
1516 3165 1684 3203 eximiae
1720 3164 2010 3216 integi-imin
2038 3161 2142 3202 alio-

1257 3228 1359 3281 quin
1380 3227 1534 3267 falsum
1567 3234 1701 3277 esset,
1735 3240 1830 3267 cum
1867 3227 1996 3267 toties
2015 3223 2142 3266 benis

1257 3292 1451 3344 praeponi
1472 3305 1555 3332 non
1579 3294 1784 3344 potuerit,
1813 3291 1914 3344 quin
1941 3301 2010 3330 res
2030 3299 2141 3341 prae·

1258 3356 1374 3394 ciare
1415 3355 1615 3406 gesserit,
1648 3363 1694 3395 et
1733 3354 1833 3407 quin
1871 3364 2019 3393 earum
2052 3362 2147 3393 me-

1257 3418 1393 3459 moria
1413 3417 1561 3459 fuerit.
1619 3418 1682 3467 At
1700 3429 1804 3457 vero
1823 3428 1908 3456 non
1925 3426 2022 3456 raro
2039 3425 2143 3456 eve-

1258 3481 1340 3537 nit,
1358 3482 1466 3524 utin
1484 3480 1574 3523 viro
1590 3481 1703 3524 bono
1722 3480 1757 3524 si
1777 3491 1864 3522 una
1883 3478 2017 3523 virtus
2033 3490 2144 3534 prui-
