2326 3860
280 354 463 416 ’ἆρχᾶίων
478 358 655 413 πατέρων
682 360 808 409 νόμος.
837 360 1005 401 Salmas.

281 428 394 468 urbs
432 427 531 467 olim
564 425 775 466 Gordium
804 425 936 464 dicta.
994 424 1174 465 Orosius

280 496 360 533 111.
381 495 446 532 16.
477 490 681 543 Fuitque,
711 495 762 530 ut
797 488 940 529 Strab.
973 494 1175 538 testatur,

282 553 456 607 Lydiae,
486 554 584 594 olim
601 553 802 593 Maeouiae
822 557 1001 604 vocatae,
1026 558 1172 604 caput.

279 618 405 668 QMag
464 616 579 658 Urbs
601 615 829 670 praedives,
843 622 889 657 et
907 617 1023 656 clara
1038 616 1174 656 Croesi

282 682 421 735 regia.

341 745 533 795 Praefecti
552 743 676 796 regii]
717 744 869 783 Utitur
885 742 1046 795 passim
1064 753 1172 782 voce

276 810 495 861 Satrapae,
533 808 664 861 quod‘
694 808 810 847 idem
853 819 904 848 ae
948 805 1173 859 στρατηγὸς

278 873 453 914 Herod.
511 874 679 913 Notant
698 877 886 922 veteres,
906 871 1053 911 Persis
1073 882 1172 921 pro·

280 939 380 991 prie
415 938 552 978 dictos
588 938 809 988 Satrapas,
835 936 943 975 mari
963 941 1007 975 et
1026 934 1171 974 classi-

276 1002 362 1042 bus
400 1001 648 1054 praefeetos‚
683 1001 831 1053 quales
867 999 995 1038 hodie
1026 997 1170 1038 Archi-

276 1066 459 1115 thalassi,
482 1066 549 1106 ve‘l
570 1064 759 1105 Arabico
791 1062 998 1103 vocabulo
1019 1063 1170 1102 Ammi-

275 1129 633 1168 ‘rales'dicuntun
698 1126 831 1166 Tales
872 1123 999 1164 fuere
1043 1124 1170 1176 primi

274 1191 514 1231 “Persarum
534 1191 747 1241 Satn-apae,
764 1189 828 1229 rei
843 1188 1069 1228 maritimae
1087 1188 1170 1228 Re-

275 1267 379 1308 gum
397 1256 566 1294 nomine
587 1252 823 1294 Praefecti:
845 1251 1018 1292 tandem
1038 1252 1170 1292 omni-

271 1317 361 1360 'bus‘
378 1319 549 1358 omnino
566 1316 785 1370 praefectis
802 1317 931 1369 regiis
948 1314 993 1355 id
1013 1328 1169 1356 nomen

273 1382 490 1423 tributum
529 1387 608 1422 est.
654 1381 839 1432 Satrapa
872 1380 985 1420 enim
1023 1379 1168 1419 Persis

272 1445 393 1485 idem
452 1443 725 1496 significavit,
780 1442 896 1497 quod
946 1442 1167 1483 veteribus

272 1508 507 1550 Germanis
546 1507 716 1559 Gereba,
748 1514 822 1548 aut
848 1506 1021 1557 Kum'ng
1041 1506 1167 1546 Gere-

277 1573 338 1626 ba,
359 1586 470 1613 nunc
492 1572 696 1613 Praefecti
718 1571 842 1623 regii,
878 1581 993 1609 nunc
1026 1569 1167 1610 Satra-

274 1649 343 1689 pae
378 1637 568 1688 nomine,
605 1648 630 1676 a
662 1636 810 1675 Persis
849 1639 1048 1686 accepto,
1090 1633 1168 1674 sed

270 1702 472 1742 'Romana
492 1701 613 1754 quasi
651 1700 830 1741 civitate
862 1699 955 1751 jam
990 1697 1166 1778 donato,

273 1767 432 1818 passim
449 1764 657 1805 redditur.
687 1763 896 1803 Boxhorn.

334 1832 467 1870 Classe
512 1831 564 1869 ad
597 1828 787 1868 Euboeam
833 1825 1012 1878 appulsa]
1054 1825 1167 1864 Vide

271 1892 504 1934 ‘Platonem
525 1893 695 1944 dialogo
717 1891 771 1931 de
787 1890 974 1942 Legibus
993 1900 1064 1931 111.
1085 1890 1167 1929 cir-

274 1968 327 1997 ca
345 1955 489 2005 finem,
511 1955 618 1996 etin
641 1955 899 1995 Menexeno.
959 1952 1166 1994 Euboeam

268 2027 422 2060 'nostra
475 2025 608 2061 aetate
655 2020 949 2070 Negropontem
994 2021 1165 2057 vocant.

268 2085 392 2135 Mag.
452 2083 591 2125 Situm
626 2082 777 2122 insulae
808 2086 853 2121 et
882 2079 1166 2133 promontorii

270 2148 371 2188 vide
387 2148 503 2200 apud
519 2147 804 2187 Ptolemaeum
820 2144 905 2186 tab.
920 2145 1105 2195 Europae
1120 2155 1164 2184 x.

331 2212 525 2252 Celeriter
548 2212 750 2250 Eretriam
767 2208 970 2260 ceperunt]
1012 2207 1165 2259 Spatio

267 2276 402 2316 trium
430 2275 612 2316 dierum.
645 2275 773 2314 Plato
795 2273 839 2312 in
855 2273 1030 2313 Menex.
1077 2270 1165 2310 Ad·

268 2344 325 2380 'eo
347 2344 396 2379 ut
426 2339 533 2379 nulli
562 2337 760 2379 elabendi
785 2338 905 2377 locus
945 2336 1000 2375 sit
1022 2334 1162 2376 datus.

268 2398 330 2444 {Et
365 2414 442 2443 111.
487 2403 542 2443 de
579 2403 685 2453 Leg.
714 2394 869 2451 refert,
904 2400 1029 2452 hujus
1060 2398 1164 2440 belli

266 2473 466 2519 'ternpore
500 2466 656 2507 famam
690 2465 884 2505 Athenas
908 2463 1163 2516 pervasisse,

267 2530 427 2573 Persas
439 2527 603 2583 junctis
623 2530 807 2571 invicem
834 2528 1044 2578 manibus,
1075 2538 1162 2566 om·

267 2596 400 2649 nique
439 2597 500 2635 ita
533 2594 846 2635 Eretriensium
875 2590 1054 2644 regione
1078 2591 1161 2631 cir-

267 2654 490 2711 cumdata,
525 2664 738 2713 quotquot
774 2658 834 2699 ibi
873 2658 1058 2699 aderant
1086 2657 1161 2697 ho—

269 2719 407 2765 mines
427 2724 608 2776 cepisse.
638 2724 758 2772 Mag.

322 2790 372 2844 In
402 2789 542 2829 Asiam
569 2789 620 2828 ad
647 2799 781 2838 regem
808 2784 1016 2835 miserunt]
1046 2784 1160 2824 Nam

265 2858 450 2893 mortem
471 2851 575 2891 Dati
594 2850 735 2890 fuerat
757 2849 1079 2898 interminatus,
1097 2847 1159 2886 ni·

264 2915 302 2957 si
339 2914 391 2955 ad
424 2925 521 2954 eum
550 2913 826 2952 Eretrienses
855 2919 899 2951 et
924 2910 1160 2951 Athenien·

265 2980 337 3021 ses
381 2978 657 3032 perduceret.
733 2976 900 3017 Auctor
937 2976 1067 3015 Plato
1114 2975 1158 3013 in

264 3047 526 3087 Menexeno.
556 3045 671 3094 Mag.
726 3042 854 3083 Unde
885 3042 1047 3091 elucet,
1074 3039 1158 3079 usi-

261 3102 399 3150 tatum
421 3107 557 3148 fuisse
579 3106 730 3159 priscis
762 3105 949 3157 Regibus
973 3100 1158 3143 hostium

264 3174 463 3225 regiones
504 3168 802 3220 vacuefacere,
836 3178 1065 3219 omnesque
1095 3164 1158 3218 in-

264 3236 382 3276 colas
412 3239 639 3285 correptos
673 3244 722 3272 ac
752 3231 931 3271 vinculis
953 3227 1159 3269 constric-

265 3304 334 3341 tos
373 3313 422 3339 eo
463 3297 718 3348 transferre,
751 3297 822 3337 ubi
861 3307 938 3347 pro
971 3294 1157 3334 ludibrio

264 3363 349 3404 illis
389 3362 637 3409 illuderent,
667 3361 736 3400 vel
771 3360 824 3399 ad
864 3358 1158 3411 abjectissima

263 3426 506 3467 ministeria
520 3425 827 3464 abuterentur:
849 3435 880 3463 1.
895 3424 1062 3474 Regum
1077 3430 1156 3460 xx.

266 3488 334 3531 ¹8.
367 3487 539 3531 Curtius
574 3485 650 3526 lib.
673 3497 718 3528 v.
744 3489 813 3527 26.
852 3485 1086 3538 Polyaenus
1114 3483 1158 3524 in

1062 360 1174 401 Haec

676 221 857 281 NorAE'
898 234 1235 282 vARtonuM
1277 242 1344 281 m
1377 222 1440 282 ὀ.
1480 235 1745 301 umoris

1240 359 1402 413 Philip.
1422 370 1577 402 comm.
1600 360 1676 402 lib,
1697 371 1758 401 tv.
1781 356 1848 402 ts.
1880 359 2013 403 Gnosi

1295 425 1392 465 Inde
1409 427 1462 466 ad
1484 425 1658 464 Atticam
1672 422 1937 474 accesserunt]
1957 418 2128 478 De-qus

1239 489 1412 542 legendi
1449 489 1606 531 strabo
1639 489 1748 529 libro
1766 500 1832 529 rx.
1858 494 1904 529 et
1923 501 1978 529 ex
1997 497 2131 544 aupes

1239 554 1297 594 ris
1329 553 1458 596 Ubbo
1490 553 1678 594 Emmius
1704 553 1749 593 in
1768 553 1986 594 illustrata
2001 553 2130 596 Grac

1238 618 1322 659 cia.
2114 630 2119 641 ¹

1293 682 1344 723 In
1371 694 1546 735 campum
1591 681 1848 734 Marathona]
1895 681 1968 722 Sic
2013 674 2128 724 solet

1240 747 1408 799 Nepos.
1464 746 1536 787 Ita
1555 746 1653 786 alibi
1672 746 1984 787 Lacedaemona
2003 742 2128 787 dicit.

1239 812 1295 851 Et
1316 811 1515 853 Justinus
1538 811 1792 863 Babylonia,
1821 809 2126 862 Chalcedonin,

1239 874 1577 915 Lacedaemonia.
1615 875 1817 915 Kenchen.
1873 863 2127 915 Herodo‘ui's

1236 938 1311 979 lib.
1341 951 1403 979 vr.
1451 951 1527 978 seu
1559 938 1774 979 Eratone.
1821 935 1871 986 ἦν
1916 936 1995 991 γὰρ
2040 941 2127 993 Μαζ·

1236 1001 1359 1053 ραθὼν
1392 1001 1702 1050 ἐπιτηδεότατον
1730 1000 1874 1054 χωρίον
1897 1003 1970 1050 τῆς
1996 999 2128 1056 Ἀττι-

1236 1066 1307 1113 κῆς
1325 1065 1565 1116 ἐνιππεῦσαι,
1591 1063 1657 1105 καὶ
1688 1063 1903 1115 ἀγχοτάτω
1925 1065 1999 1112 τῆς
2021 1064 2130 1117 Ἐρε-

1235 1128 1358 1182 τρίης.
1414 1129 1685 1181 Stephanus:
1716 1127 1908 1180 Μαραθὼν
1920 1129 2040 1177 δῆμος
2053 1125 2129 1175 τῆς

1235 1190 1435 1232 neoniam
1459 1192 1603 1243 φυλῆς,
1627 1193 1708 1232 ὅτε.
1762 1191 1830 1230 Μ.
1860 1189 2030 1230 Tullius
2048 1182 2127 1230 lib.

1237 1266 1269 1296 1.
1289 1255 1344 1296 de
1361 1254 1454 1295 Off.
1483 1256 1496 1277 ‘
1514 1253 1629 1295 Hinc
1645 1253 1862 1294 rhetorum
1877 1263 2052 1305 campus
2070 1252 2126 1309 de

1235 1318 1523 1360 Marathone!
1549 1317 1732 1358 Lambin.
1788 1317 1871 1357 Illo
1887 1315 2004 1356 bello
2020 1314 2127 1356 nihii

1233 1383 1394 1424 notius.
1445 1382 1674 1422 Marathon
1692 1391 1943 1433 magnarum
1958 1383 2004 1419 et
2020 1378 2128 1419 mul*

1234 1454 1375 1489 tarum
1394 1447 1602 1488 virtutum
1622 1444 1761 1485 testis.
1788 1443 1909 1484 >Mela
1929 1453 1982 1483 11.
2009 1440 2124 1483 vise

1233 1512 1418 1552 Pausan.
1444 1522 1484 1550 ¹1.
1514 1508 1676 1551 sustin.
1706 1518 1760 1547 11.
1801 1501 2125 1557 Contigitillud

1233 1575 1456 1627 Diogneto
1476 1573 1716 1614 Archonte.
1763 1568 2128 1622 AuctorAnony-

1232 1651 1352 1680 mus:
1383 1638 1409 1687 ἦ
1428 1638 1469 1677 ἐν
1484 1638 1690 1690 Μαραθῶνι
1702 1633 1830 1686 μάχη.
1886 1633 2019 1675 Dion.
2029 1632 2126 1674 Bu-

1232 1704 1304 1744 lic.
1322 1702 1399 1743 lib.
1425 1715 1466 1744 v.
1487 1705 1553 1742 16.
1571 1700 1693 1741 annis
1715 1704 1820 1751 post·
1832 1702 2016 1738 mortem
2035 1696 2126 1749 pri*

1230 1767 1290 1807 mi
1340 1767 1630 1807 Romanorum
1677 1761 1899 1812 eonsuus,
1919 1761 1970 1801 L.
1999 1759 2126 1802 Junii

1231 1830 1378 1880 Bruti,
1409 1828 1618 1873 accidisse
1662 1825 1827 1867 trudit:
1870 1823 2050 1877 Ὓστερεῖ
2080 1822 2125 1864 δὲ

1231 1892 1296 1934 καὶ
1312 1892 1365 1933 τὰ
1385 1891 1620 1944 Μαραθώνια
1638 1890 1703 1931 καὶ
1714 1891 1787 1938 τῆς
1799 1887 1970 1941 Βρούτου
1982 1889 2126 1940 ταφῆς,

1231 1956 1266 1998 εἷ
1276 1957 1323 2006 δὴ
1342 1955 1420 1997 ἀπὸ
1438 1955 1590 1996 τούτων
1607 1956 1758 2007 πρῶτον
1774 1953 1941 2005 ἤρξαντο
1960 1953 1997 1991 οἱ
2012 1949 2124 1991 ἔπαι-

1224 2030 1289 2063 ’νοι
1307 2019 1498 2072 λέγεσθαι
1514 2021 1598 2060 τοῖς
1616 2015 1931 2069 ἀπογενομένοις,
1955 2013 2127 2056 ἑκκαίδε-

1230 2103 1282 2128 κα
1318 2085 1461 2128 ἔτεσιν.
1496 2085 1611 2126 Vide
1644 2082 1824 2129 Meursii
1861 2080 2119 2122 Archontes.

1231 2151 1362 2192 Diem
1397 2161 1553 2202 pugnae
1601 2150 1725 2188 notat
1771 2144 2032 2185 Plutarchus
2077 2143 2122 2184 in

1231 2214 1429 2264 Camillo,
1465 2210 1560 2265 ἕκτῃ
1579 2210 1866 2263 Βοηδρομιῶνος
1897 2205 2120 2258 ἱσταμένου.

1231 2277 1338 2318 Erat
1358 2288 1491 2317 annus
1511 2285 1639 2316 tvm.
1657 2273 1824 2326 periodi
1844 2270 2117 2329 Olympicus}

1229 2340 1412 2412 proinde
1442 2350 1524 2380 xx.
1562 2337 1728 2390 periodi
1764 2335 1941 2376 Atticae.
2005 2334 2120 2376 Noo-

1230 2403 1372 2444 menia
1390 2403 1676 2454 Βοηδρομιῶνος
1700 2410 1814 2440 xxx.
1836 2396 2120 2450 Septembris.

1226 2468 1346 2519 Ergo
1375 2479 1521 2518 pugna
1555 2463 1829 2505 Marathonia
1860 2460 2046 2513 contigit
2074 2472 2120 2502 v.

1228 2528 1451 2581 Octobris,
1484 2526 1726 2568 Ἀπελλαίου
1743 2524 1886 2580 δεκάτῃ
1904 2517 2122 2576 φθίνοντοί,

1229 2607 1339 2636 anno
1359 2593 1507 2635 mundi
1528 2595 1650 2634 8460.
1681 2591 1879 2644 Zygonos
1895 2598 1961 2630 vr.
1989 2588 2119 2630 Scali-

1223 2671 1325 2761 ἔτι
1342 2721 1452 2761 abest
1474 2719 1523 2759 ab
1543 2718 1684 2771 oppido
1702 2716 1862 2756 circiter
1876 2715 2006 2757 millia
2028 2707 2120 2768 pas‘-

1224 2796 1339 2825 suum
1365 2782 1514 2834 decem]
1545 2779 1743 2822 Athenis.
1771 2778 2048 2820 Tantundem
2066 2778 2117 2819 il·-

1225 2848 1276 2888 lis
1308 2847 1460 2898 distat,
1492 2851 1697 2899 quantum
1719 2842 1890 2883 Caristo
1923 2840 2115 2883 Euboeae.

1224 2911 1410 2952 Pausan.
1702 2924 1704 2927 ¹
2050 2924 2052 2928 v

1279 2974 1485 3014 Auxilium
1516 2983 1705 3023 nusquam
1731 2970 1811 3011 uisi
1829 2981 1853 3008 a
1871 2966 2118 3008 Lacedaemo·

1223 3038 1320 3089 niis]
1352 3036 1477 3077 Secia
1515 3042 1605 3077 tum
1640 3034 1837 3074 civitate.
1866 3031 2028 3073 sustin.
2061 3042 2118 3073 ιι.

1223 3101 1302 3143 Ait
1321 3101 1452 3141 Plato
1472 3111 1542 3139 ιιι.
1563 3098 1616 3138 de
1637 3098 1742 3148 Leg.
1769 3107 1866 3136 cum
1897 3095 1940 3134 in
1968 3095 2116 3152 omne}

1221 3163 1408 3205 Graeciae
1437 3170 1580 3215 partes
1619 3162 1787 3211 legatos
1820 3158 2038 3198 misissent
2057 3154 2116 3196 A·

1224 3228 1486 3279 thenienses,
1528 3225 1599 3278 qui
1646 3223 1848 3264 auxilium
1896 3223 2116 3273 peterent,

1223 3292 1474 3334 subvenisse
1510 3295 1654 3331 tamen
1699 3286 1912 3327 neminem
1949 3286 2114 3335 proetet

1225 3354 1599 3396 Lacedaemonios:
1635 3351 1723 3403 qui,
1750 3347 1894 3388 nescio
1914 3357 2000 3399 qua
2018 3342 2117 3386 ren-

1223 3418 1349 3469 gione
1385 3415 1600 3469 impediti,
1618 3418 1716 3465 post
1750 3419 1936 3462 pugnam
1968 3407 2113 3449 Mac·-

1223 3482 1411 3524 moniam
1462 3483 1687 3520 venerunt.
1733 3473 1916 3516 Lambini.
1984 3472 2112 3516 11³⁸·
