2326 3860
757 244 795 281 1.
858 242 1241 296 mmmmm,
1282 246 1417 286 GAP.
1455 234 1504 286 1.
1545 275 1548 278 .

219 355 435 411 deducere
452 357 588 398 malis.
646 358 761 402 Quid
795 359 908 400 enim
926 360 1008 401 nisi
1039 366 1100 402 te·

216 418 372 459 nebras
388 423 436 459 et
451 418 654 471 ambages
681 422 864 463 Daemon
885 422 956 462 ille
974 435 1099 464 cane-

216 481 322 524 bat?
376 482 503 523 Unde
532 489 577 523 et
603 483 736 535 λοξίας
768 497 818 526 ac
847 485 1046 527 σκοτεινὸς
1072 499 1098 527 a

216 545 383 587 GraecIs
401 545 541 587 dictus
554 553 639 589 est.
683 549 824 590 Multo
839 554 980 590 tamen
1002 562 1097 602 pro-

216 607 400 649 babilius
431 623 458 652 a
490 596 588 654 ‘722
621 610 942 653 denominatum
973 619 1096 665 puto.

214 672 315 720 Quo
331 674 501 715 nomine
527 675 642 729 apud
658 675 948 728 BabylonioS,
968 676 1096 718 Phoe-

213 734 348 788 uices,
385 736 542 779 Poenos
598 739 672 779 Sol
722 746 914 783 vocatur.
946 741 1096 786 ‚Idem

211 799 385 853 Apollo.
420 802 616 845 Macrob.
650 803 825 846 Saturn.
856 805 932 847 lib.
961 817 995 846 1.
1030 810 1095 849 17.

211 863 483 918 Qui-tamen,
514 878 612 907 cum
643 867 794 908 caeteri
822 880 996 922 quoque
1017 870 1118 926 Dii⁴

210 927 273 973 sic
290 929 436 971 vocari
452 931 700 983 coepissent,
731 944 826 973 eum
846 933 1093 985 adiectione

209 991 392 1044 quadam
411 994 669 1035 Bel-Samen
689 1001 866 1037 vocatus
899 1003 978 1038 est.
1005 999 1093 1039 Eu·

208 1053 302 1097 seb.
340 1055 417 1097 lib.
449 1067 483 1097 1.
513 1071 681 1109 προταρ.
713 1057 858 1100 Plaut.
890 1058 934 1100 in
965 1060 1090 1102 Poen.

207 1119 331 1161 Idem
379 1122 537 1175 Apollo
572 1124 756 1176 Pythius
785 1130 854 1167 est
887 1139 914 1167 a
950 1128 1089 1171 ΠΠΒ;

206 1183 368 1237 quippe
400 1186 474 1239 qui
500 1185 630 1237 μύθων
651 1186 773 1240 ῥητὴρ
805 1194 915 1229 erat.
962 1189 1090 1230 Unde

206 1247 279 1288 alii
296 1246 425 1290 πόθων
442 1249 559 1291 inter
578 1250 789 1303 Apollinis
808 1251 1090 1305 epitheta‘re·

205 1308 413 1365 ferentes,
449 1324 476 1354 a
506 1311 778 1377 πυνθάνεσθαι,
815 1315 931 1368 quod
963 1322 1030 1357 est
1063 1329 1090 1357 a
1113 1308 1123 1317 ’

207 1377 334 1430 nnn,
384 1377 561 1420 ductum
601 1381 765 1421 volunt.
831 1382 930 1424 Quo
981 1383 1087 1424 illud

193 1446 390 1494 spectat,
403 1442 520 1495 quod
547 1443 730 1484 eundem
750 1456 847 1485 cum
867 1446 1087 1488 Mercurio

199 1505 380 1549 faciunt.
435 1509 547 1551 Nam
566 1523 660 1564 quae
694 1510 749 1552 de
771 1511 862 1561 ῐΠΒ
885 1510 1088 1566 afferunt,

194 1574 421 1614 vereor'ut
441 1585 544 1614 vera
574 1573 677 1615 sint.
706 1574 893 1616 -Saltem
911 1575 1086 1616 aliunde

201 1634 384 1688 Pythius
402 1637 546 1679 dictus
565 1637 667 1690 erit,
682 1650 807 1693 quarn
826 1643 876 1679 ut
890 1638 1084 1680 Graeculi

201 1704 372 1752 putant,
402 1714 429 1742 a
445 1702 662 1755 serpentis
680 1703 816 1745 caede.
871 1703 1085 1744 Mercuri·

189 1776 270 1805 um
301 1765 412 1806 enim
445 1779 543 1807 cum
580 1767 848 1820 serpentibus
885 1767 1085 1820 pingunt,

187 1828 328 1882 quod,
346 1835 396 1870 ut
416 1836 536 1883 puto,
551 1834 816 1872 *vetustatem
843 1831 1016 1883 originis
1036 1835 1083 1872 et

198 1893 435 1945 sapientise·
496 1892 807 1946 professionem
883 1893 1080 1935 denotat.

196 1955 327 1997 Hom.
380 1955 493 1997 Vide
530 1969 628 2010 quae
664 1956 719 1996 ad
757 1955 904 1998 Nonni
945 1961 1081 1998 meta·

197 2012 370 2070 phrasin
384 2019 554 2060 notavit
570 2031 747 2072 magnus
767 2019 987 2060 Heinsius.

253 2079 361 2122 Num
379 2085 462 2122 tam
497 2081 682 2133 Ήινασεε]
724 2082 890 2122 Threces
928 2081 1079 2123 Codex

194 2142 400 2186 Danielis.
429 2143 558 2187 Quod
571 2144 699 2185 idem.
725 2144 930 2195 Thraces,
941 2144 1078 2185 Thra-

194 2205 309 2258 ches,
333 2206 549 2259 Thraeces,
573 2211 619 2247 et
646 2206 850 2257 Threces,
885 2206 1078 2259 ejusdem

195 2268 336 2319 gentis
369 2270 557 2310 nomina
571 2267 858 2319 ταυτοδύναμα.
913 2269 1078 2311 Eodem

193 2329 322 2370 modo
348 2331 595 2372 scribuntur
625 2329 734 2383 θράΐε
769 2338 815 2372 et
844 2330 949 2384 θρήῖξ
969 2332 1080 2374 inte-

194 2404 287 2446 gre,
320 2399 371 2434 et
405 2395 579 2435 concise
609 2397 702 2448 θρᾷξ
733 2401 780 2436 et
813 2397 918 2449 θρῇξ,
960 2395 1076 2449 quod

191 2455 354 2498 factum
373 2457 633 2511 crediturjae
657 2458 729 2498 τοῦ
754 2458 880 2510 θοριῖν
895 2457 960 2498 καὶ
991 2456 1076 2498 cito·-

190 2534 288 2574 σειν,
336 2534 421 2575 quo
469 2521 656 2568 Thraces
677 2523 896 2576 ‘praeditos
927 2522 1075 2576 fnisse,

190 2592 369 2626 narrant
399 2585 622 2628 Historiei.
680 2586 752 2627 De
781 2586 949 2627 ratione
969 2587 1076 2627 isto-

180 2648 282 2689 rur'u
318 2649 536 2689 nominum
573 2649 782 2690 videndus
824 2649 1073 2690 Eustathius

190 2711 232 2750 in
250 2708 464 2763 ὁταρέκβολ.
484 2710 538 2752 ad
555 2711 683 2753 Hom.
702 2711 867 2752 ’Ῑλίαδος
885 2717 935 2754 Δ.
951 2712 1073 2754 Nihil

190 2781 276 2814 tam
315 2774 540 2814 taediosum
579 2780 648 2815 est
694 2787 822 2828 quam
865 2775 1071 2828 persequi

187 2835 468 2888 λεπολογίας,
491 2849 595 2889 quas
613 2837 739 2878 video
760 2842 913 2878 ‘tamen
932 2849 958 2878 a
976 2838 1071 2879 dili-

182 2898 447 2951 gentissimis
467 2899 718 2952 quibusdam
748 2901 954 2942 continuo
973 2913 1070 2942 esse

189 2963 454 3003 observatas.
509 2961 669 3003 Parum
696 2968 779 3014 est,
796 2960 907 3017 quod
927 2964 981 3005 ad
994 2975 1069 3005 or-

188 3024 479 3077 thographiam
508 3025 661 3075 velim3
702 3031 934 3079 monetque
967 3026 1069 3068 doc·

187 3086 373 3127 tissimus
404 3093 449 3127 et
483 3088 638 3139 passim
664 3087 719 3128 de
754 3089 941 3141 Nepotis
972 3101 1068 3143 ger·

185 3163 312 3192 mana
329 3150 544 3202 scriptura
563 3149 673 3191 bene
690 3151 864 3192 meritus
880 3152 969 3194 Ob.
990 3153 1067 3194 Gi-

184 3215 327 3257 fanius
354 3215 657 3256 Conlectaneis
675 3216 958 3268 Lucretianis,
975 3217 1067 3258 ubi-

183 3292 267 3332 que
286 3279 401 3332 apud
425 3279 689 3331 Scriptorem
716 3280 827 3321 hune
857 3292 1065 3333 reponen-

183 3343 284 3383 dum
303 3342 442 3383 videri
475 3342 654 3393 ΤΙινιιι-εε,
673 3341 935 3383 Auctoribus
953 3343 1065 3397 opti-

183 3405 264 3446 mis
283 3404 516 3446 Codicibus
534 3418 544 3445 ι
574 3403 649 3445 sed
672 3404 839 3445 Threces
857 3404 952 3456 lego
971 3417 1063 3458 pas·

183 3469 264 3511 sim
282 3468 324 3511 in
344 3469 579 3523 Excerptis
599 3480 678 3521 pro
700 3468 889 3510 Tleraeces.
935 3469 1062 3513 Quod

1939 227 2048 291 409

1160 374 1215 403 ex
1234 361 1404 417 integro
1423 362 1542 416 θρήῖξ,
1559 364 1672 405 'uude
1693 363 1857 417 θρήῖκες,
1875 370 1922 407 et
1948 377 2048 406 con·

1159 426 1374 480 cisoOpfig,
1388 439 1450 467 ex·
1462 440 1546 481 quo
1565 428 1743 470 Threces.
1801 429 1914 470 Nam
1931 429 2045 483 quod

1157 488 1202 528 in
1235 489 1402 531 Gifanii
1427 492 1597 533 schedis
1625 497 1691 533 est
1711 493 1892 544 Thraces,
1919 493 2045 546 origi·-

1156 562 1256 593 nem
1275 553 1408 606 magis
1438 555 1572 596 habet
1603 568 1628 598 a
1654 552 1905 597 Graecorum
1925 555 2046 609 θρόῖξ,

1157 614 1271 656 unde
1289 622 1561 658 contractum
1573 620 1681 672 θρᾷε,
1696 623 1745 659 ut
1764 631 1789 659 a
1802 618 1921 672 θρήῖξ,
1938 622 2043 674 θρῇξ.

1156 679 1323 721 Eadem
1354 681 1489 733 igitur
1511 687 1610 723 sunt
1633 684 1816 734 Thraces,
1838 684 2014 726 Thraces
2025 700 2044 735 ,-

1149 746 1203 784 et
1235 744 1416 796 Threces,
1452 745 1646 798 ejusdem
1694 748 1836 799 gentis
1869 749 2041 790 nomina

1154 807 1439 861 ταυτοδῦναμα,
1473 815 1523 851 ut
1559 812 1691 852 etiam
1727 812 2041 856 adnotavimus.

1150 871 1356 917 -Keuchem
1411 873 1515 914 Illos
1531 873 1721 915 Thraces
1740 875 1956 916 Doloncos
1977 876 2041 918 fu-

1154 932 1255 985 isse,
1275 947 1302 974 a
1317 935 1430 978 Jano
1459 938 1689 990 Rutgersio
1713 950 1780 979 -ex
1813 939 2040 982 Herodoto

1153 996 1427 1039 observatum
1441 1013 1453 1050 ;
1471 1000 1545 1053 qui
1556 1012 1653 1041 eum
1666 1001 1912 1053 gravissimo
1925 1002 2039 1045 bello

1153 1059 1206 1100 ab
1220 1059 1460 1113 Apsinthiis
1473 1070 1791 1117 premerentur,
1805 1077 1926 1118 reges
1939 1079 2038 1108 suos

1152 1123 1344 1176 Delphos
1375 1125 1431 1166 de
1471 1126 1572 1167 belli
1611 1128 1732 1168 exitu
1768 1129 2038 1172 sciscitatum

1150 1186 1370 1229 miserunt.
1411 1188 1612 1231 Gebhard.
1685 1190 1807 1242 Εἵχον
1836 1190 2036 1243 Δόλογκοι

1150 1249 1310 1302 Θρήϊκες
1327 1251 1402 1300 τὴν
1432 1252 1559 1305 ἀρχὴν
1583 1255 1656 1302 τῆς
1672 1253 1916 1307 χερσονήσου
1941 1255 2036 1297 ταύ-

1149 1327 1236 1362 την·
1257 1311 1363 1355 οὗτοι
1380 1314 1433 1355 ὧν
1450 1317 1488 1356 οἱ
1503 1316 1703 1368 Δόλογκοι
1726 1318 1950 1361 πιεσθέντες
1960 1336 2039 1360 tro·

1148 1375 1256 1428 λέμῲ
1272 1377 1345 1418 ὑπὸ
1361 1379 1575 1432 Ἀψινθίων,
1595 1381 1636 1422 ἐς
1661 1381 1843 1434 Δελφοὺς
1861 1382 2037 1436 ἔπεμψαν

1147 1440 1237 1486 τοὺς
1255 1449 1454 1496 βασιλῆας
1482 1447 1570 1501 περὶ
1595 1450 1668 1488 τοῦ
1694 1447 1869 1499 πολέμου
1889 1459 2036 1503 xmae·-

1145 1508 1296 1558 μένους.
1339 1511 1504 1553 Herod.
1558 1512 1678 1553 Dicti
1710 1513 2033 1566 ειιηῐΔόλογκοι

1146 1571 1224 1612 ἀπὸ
1238 1571 1460 1628 Δολόγκον,
1475 1574 1549 1629 qui
1563 1571 1742 1628 Bithyni
1761 1575 1914 1619 frater.
1936 1574 2031 1619 (Βο-

1145 1636 1282 1677 loncae
1328 1638 1486 1690 Plinio,
1519 1637 1557 1678 οἱ
1591 1636 1806 1690 samm.
1866 1642 2030 1683 Thrace

1143 1698 1307 1740 Titanis
1326 1711 1380 1740 ex
1399 1699 1510 1742 Jove
1526 1700 1677 1742 habuit
1691 1702 1870 1755 Bithyn,
1898 1715 1922 1743 a
1943 1716 2028 1757 quo

1147 1761 1356 1813 Bithyni3
1400 1774 1455 1803 ex
1486 1763 1671 1804 Saturno
1706 1765 1968 1818 Doloncum,
2003 1779 2029 1807 a

1136 1834 1225 1877 ,quo
1245 1824 1448 1866 Dolonci.
1478 1825 1650 1867 Salmas.

1198 1887 1282 1928 Eas
1315 1889 1495 1939 regiones
1531 1891 1732 1942 tenebant]
1771 1891 1844 1932 Sic
1874 1892 2027 1944 Virgil.

1140 1950 1239 1992 AEn.
1269 1963 1300 1993 1.
1337 1953 1455 1995 ‘Qui
1492 1958 1670 1995 teneant
1706 1954 1826 2007 (nam
1865 1955 2028 1996 inculta

1142 2015 1282 2067 videt)
1310 2016 1553 2057 hominesne
1594 2016 1771 2069 feraene,
1818 2020 2027 2061 Quaerere

1140 2078 1396 2120 constituit)
1431 2081 1491 2121 Et
1503 2092 1633 2133 supra
1644 2079 1661 2122 z*
1675 2082 1687 2104 ‘
1705 2082 1847 2123 victor
1859 2081 2025 2123 ditione

1140 2141 1342 2182 tenebat!
1370 2141 1553 2183 Lombt'a.
1582 2143 1653 2194 Vi,
1670 2143 1786 2183 nullo
1793 2143 1905 2195 juris
1921 2145 2024 2186 titu-

1138 2204 1195 2245 lo.
1226 2204 1367 2246 Cicer.
1388 2216 1447 2246 ιι.Α
1457 2204 1512 2246 de
1527 2204 1680 2246 officiis
1695 2220 1706 2246 z
1724 2207 1738 2230 ⁴
1757 2207 1864 2248 Cum
1879 2214 2024 2249 autem

1139 2266 1360 2308 dominatu
1392 2268 1518 2309 nnius
1559 2270 1698 2310 omnia
1737 2271 2022 2312 tenerentur?

1139 2330 1288 2371 Caesar
1305 2330 1360 2371 de
1380 2331 1435 2371 B.
1450 2332 1500 2372 C.
1529 2343 1600 2373 111.
1618 2336 1711 2374 102.
1741 2333 1941 2375 Gebhard.
2004 2347 2013 2363 ··

1195 2393 1294 2432 Cum
1312 2393 1450 2445 quibus
1477 2395 1600 2434 armis
1624 2399 1710 2436 erat
1738 2396 2024 2449 dimicandum]

1137 2455 1270 2497 Certe
1290 2468 1367 2497 suo
1401 2457 1571 2509 ingenio
1592 2471 1644 2499 ea
1675 2471 1780 2512 gens
1808 2471 1944 2512 prona
1964 2460 2020 2501 ad

1135 2530 1300 2571 pugnas
1319 2525 1366 2560 et
1385 2520 1554 2570 coedes3
1597 2526 1643 2562 et
1670 2522 1761 2575 jam
1781 2523 2019 2576 antiquitus

1135 2581 1339 2634 singulari
1357 2582 1593 2623 certamine
1612 2583 1877 2627 decertabat.
1904 2585 2018 2638 Lips.

1134 2643 1283 2695 Longe
1317 2643 1488 2685 diversa
1520 2646 1574 2686 ab
1607 2646 1673 2686 his
1706 2647 1840 2688 Probi
1881 2647 2019 2690 refert

1133 2705 1383 2748 Herodotus
1399 2708 1473 2748 lib.
1495 2720 1561 2749 vr.
1591 2710 1769 2761 Magius.

1188 2771 1452 2823 Nominatim]
1497 2773 1604 2813 Cum
1625 2774 1727 2814 alias
1746 2786 1825 2827 per
1855 2773 2017 2817 flexuo-

1131 2846 1200 2875 sas
1235 2835 1436 2888 ambages
1479 2835 1741 2888 respondere
1781 2838 2015 2880 Graculum

1130 2897 1309 2939 solebat.
1339 2898 1507 2940 Auctor
1524 2900 1797 2942 scholiorum·
1817 2902 1861 2942 in
1894 2902 2015 2943 Aris-

1130 2961 1330 3015 tophanis
1348 2962 1558 3016 Equites:
1591 2964 1709 3004 τοῦτο
1736 2963 1779 3004 δὲ
1811 2965 1900 3016 παρ’
1919 2962 2015 3006 ὅσοι)

1128 3025 1167 3065 οἱ
1204 3026 1376 3078 χρησμοὶ
1419 3028 1543 3077 λοξῶς
1581 3026 1808 3080 ἐκφέρονται
1844 3027 1916 3068 ὑπὸ
1942 3029 2014 3068 τοῦ

1125 3088 1388 3130 Ἀπόλλωνος.
1465 3089 1737 3132 Andronicus
1787 3091 2008 3145 Antiopa:

1126 3153 1139 3173 ⁸
1162 3151 1234 3191 Ita
1265 3157 1468 3204 septuose
1505 3151 1639 3193 dictio
1669 3165 1694 3193 a
1725 3155 1823 3194 Deo
1865 3153 2008 3196 datur.

1128 3214 1257 3257 Quod
1309 3220 1640 3255 consecuturum
1678 3216 1860 3267 sapiens
1894 3228 2010 3270 tegre

1127 3277 1341 3319 consulit.'
1360 3277 1577 3319 Pacuvius
1593 3278 1817 3319 Peribaea:
1843 3282 1855 3303 ‘
1874 3279 2008 3323 Flexa

1118 3352 1212 3381 -non
1247 3340 1356 3381 falsa
1398 3347 1619 3382 autumare
1656 3340 1790 3382 dictio
1827 3342 2006 3396 Delphis

1123 3401 1263 3444 solet?
1305 3401 1506 3444 Gebhard.
1565 3402 2004 3446 Orsculumexstare

1123 3466 1308 3510 arbitror
1325 3465 1368 3508 in
1388 3465 1568 3509 Zenobii
1584 3466 1820 3516 Paroemiis.
1851 3467 2003 3512 scheer.
