2346 3886
672 259 816 299 xm.
877 252 1266 310 unornane,
1306 245 1530 299 σωκ-2.
1909 247 2022 305 193

180 380 288 435 'aab
311 367 602 455 imperinm
630 376 1055 432 Atheniensium
1077 379 1291 448 redegit
1307 377 1338 446 ς]
1374 373 1680 448 sociosque
1707 380 1874 434 idem³
1914 380 2018 436 ad-

170 464 360 539 junxit
405 459 713 531 EpirotaS,¹‘
754 461 1171 528 Athamanas‚4¹
1233 463 1516 529 Chaonem,
1567 481 1870 534 omnesque
1915 482 2014 519 eas

180 554 388 616 gentes»,
413 565 542 617 quae
569 562 718 600 mare
736 548 872 601 illud
892 548 1163 617 adJacent.
1167 555 1199 578 ¹¹¹
1267 547 1396 613 Quo
1421 549 1573 602 facto
1599 549 2014 607 Lacedaemonii

177 633 248 686 de
267 630 480 708 diutina
504 635 850 687 contentione
872 633 1212 698 destiterunt,
1218 640 1236 672 ⁵
1263 641 1320 686 et
1343 651 1446 687 sua
1484 641 1684 703 sponte
1709 633 2015 689 Athenien-

178 701 378 770 sibus
362 718 582 786 imperii
619 719 878 771 maritimi
903 720 1295 787 principatum¹¹
1319 724 1744 773 concesserunt·
1731 759 1745 786 ,
1790 736 2015 788 pacem-

179 819 291 872 que
326 804 412 856 his
449 804 666 870 legibus
707 805 1123 868 constituerunt,
1167 810 1229 857 ut
1267 803 1638 857 Athenienses
1670 804 1810 857 mari
1835 804 2015 858 duces

175 892 383 944 essent.
478 885 627 951 Quae
668 887 903 940 victoria
947 894 1114 952 tantae
1139 887 1246 955 fuit
1284 886 1492 940 Atticis
1529 889 1764 954 laetitiae,
1798 894 1862 942 ut
1898 894 2015 942 tum

175 973 415 1043 primum
439 987 548 1024 aree
579 985 719 1025 PAO}
750 964 975 1040 publice
1024 973 1134 1025 sint
1172 973 1364 1035 factae,
1367 971 1425 1004 ⁶⁰
1471 973 1633 1042 eique
1660 973 1805 1025 Deae
1831 975 2015 1041 pulvi-

173 1074 274 1112 nar
309 1057 391 1110 sit
435 1057 762 1110 institutum.
765 1064 789 1096 Ρ
823 1090 828 1094 -
875 1055 1053 1126 Cujus
1101 1057 1290 1110 laudis
1341 1061 1403 1110 ut
1442 1057 1712 1111 memoria
1754 1064 2012 1124 maneret,

172 1124 471 1198 Timotheo
515 1143 738 1212 publice
779 1146 1019 1196 statuam
1053 1143 1113 1195 in
1153 1143 1272 1196 foro
1306 1145 1640 1216 posuerunt:
1626 1148 1665 1182 “¹
1707 1142 1804 1212 qui
1826 1142 2015 1197 honos

171 1224 302 1281 huic
328 1227 428 1280 uni
453 1231 580 1304 ante
604 1227 711 1282 hoc
738 1234 988 1297 tempus⁷
1029 1227 1276 1295 contigit,
1314 1233 1397 1292 ut,
1425 1243 1553 1280 cum
1592 1227 1738 1295 patri
1772 1228 2015 1297 populus

937 1359 1232 1376 ‘mmm

173 1444 296 1487 stav.
316 1448 359 1488 3.
379 1445 627 1488 Tzsclmck.
649 1451 693 1488 et
711 1446 772 1487 sic
790 1447 938 1498 legere
958 1445 1089 1486 etium
1110 1445 1202 1486 volt
1229 1445 1440 1498 Heusing.
1457 1446 1499 1486 in
1519 1450 1611 1487 not.
1613 1445 1714 1498 ]-—3
1742 1446 1889 1487 Eidem
1924 1447 2010 1488 Me.

173 1499 820 1553 Leid.2.[Heusing.nonma1e
838 1499 1030 1552 conjecit
1041 1500 1180 1550 isdem,
1196 1511 1279 1551 pro
1286 1501 1447 1552 eisdem,
1463 1499 1556 1540 scil.
1577 1499 1934 1542 Atheniensibus.
1939 1500 2013 1553 ]—

172 1556 199 1593 4
227 1553 301 1594 Sic
322 1554 455 1594 etiam
475 1553 556 1593 Ed.
589 1553 750 1607 Mag(
730 1553 794 1607 (in
845 1566 900 1594 ua
918 1553 1092 1605 quidem
1111 1529 1264 1593 vitiose
1283 1554 1551 1600 Athamana,-
1568 1553 1658 1593 sed
1689 1567 1713 1595 e
1743 1554 1858 1596 notis
1877 1555 2014 1608 Magii

171 1606 447 1658 intelligitur,
465 1619 562 1647 eum
582 1607 767 1647 voluisse
786 1566 857 1646 ean
876 1605 1153 1658 Athamanas
1174 1607 1325 1647 Lamb.
1347 1607 1454 1659 step
1457 1607 1500 1647 h.
1524 1607 1667 1649 Gebh.
1694 1607 1866 1648 Keueh.
1923 1608 2011 1650 Sed

170 1662 392 1703 Acarnanas
409 1660 490 1701 Ed.
511 1661 614 1701 Ald.
629 1660 887 1700 Athamamae
904 1660 989 1700 Ms.
1007 1658 1092 1699 Ax.
1110 1659 1367 1700 Athamanas
1384 1661 1471 1701 Ms.
1492 1662 1606 1702 Dan.
1627 1661 1861 1702 Athaman!
1925 1662 2011 1703 Ms.

170 1714 294 1755 Voss.
320 1718 360 1755 1.
377 1714 658 1756 Athamantios
671 1714 752 1754 Ed.
769 1715 890 1756 Jens.
897 1713 1030 1753 Med
1046 1712 1154 1765 Arg.
1174 1714 1275 1754 Par.
1296 1713 1551 1754 Acharnanas
1567 1715 1648 1754 Ed.
1670 1715 1772 1755 Bos.
1794 1719 1832 1755 1.
1858 1712 1922 1756 A

170 1779 306 1831 Μαρια
324 1773 392 1809 est
409 1768 454 1808 in
471 1767 552 1808 Ed.
569 1768 718 1812 Boeel.
740 1767 871 1807 etiam
888 1767 992 1806 Bos.
1008 1770 1049 1807 2.
1067 1766 1180 1806 haud
1199 1766 1330 1808 dubie
1348 1779 1576 1819 operarum
1593 1779 1751 1820 errore,
1765 1767 1881 1823 quod
1891 1772 2010 1810 notae

260 1833 291 1863 ιι
309 1822 412 1862 satis
432 1821 673 1862 declarant.
730 1820 960 1861 Acarnanas
993 1819 1074 1860 Ed.
1107 1820 1246 1872 Long.
1268 1821 1312 1860 in
1338 1833 1422 1873 quo
1455 1834 1553 1862 mox
1581 1828 1648 1862 est
1683 1815 1875 1872 Chaones,
1893 1828 1940 1863 ut
1969 1824 2012 1864 in

240 1874 381 1928 .g.Ar
403 1876 504 1916 Par.
526 1881 572 1915 et
590 1876 678 1915 Ms.
708 1874 793 1914 Ax.
797 1879 875 1914 —5
907 1873 1187 1914 Destituerunt
1215 1874 1298 1914 Ed.
1329 1875 1466 1927 Long.
1498 1887 1725 1927 operarum
1755 1882 1954 1928 peccato.
1958 1899 2013 1906 —

170 1931 199 1970 6
228 1888 589 1981 Paciagpublieoef.
623 1929 710 1969 Ms.
744 1927 866 1968 Leid.
900 1931 943 1968 2.
969 1928 1289 1979 pacipuhlicoes.
1313 1926 1356 1976 f.
1390 1929 1478 1968 Ma.
1506 1927 1592 1969 Ax.
1621 1929 1703 1969 Ed.
1733 1929 1869 1982 Long.
1890 1930 2008 1983 Mag.

170 1982 340 2024 Kench.
362 1982 516 2023 Patav.
547 1982 652 2022 Mox
670 1982 834 2035 pulvim:
854 1981 939 2022 Ms.
961 1981 1084 2022 Leid.
1113 1983 1154 2022 2.
1157 1985 1236 2022 -7
1265 1979 1371 2021 Ante
1398 1981 1444 2021 io!
1470 1985 1621 2034 tempus
1648 1983 1734 2022 Ms.
1757 1983 1903 2024 Boecl.
1926 1983 2009 2024 Ax.

169 2034 288 2078 Dan.
293 2036 431 2078 Leid.
444 2040 484 2077 2.
501 2036 628 2077 voss.
647 2039 688 2076 2.
707 2036 786 2075 Ed.
803 2036 924 2077 Jens.
945 2035 1066 2078 Med.
1088 2035 1194 2086 Arg.
1209 2034 1311 2075 Par.
1336 2037 1470 2098 Long.
1493 2036 1613 2088 Mag.
1630 2035 1692 2088 [et
1710 2042 1855 2079 tuetur
1875 2038 2011 2090 expli-

171 2093 330 2151 eatque
350 2103 394 2130 eo
413 2094 584 2143 tempore
602 2089 818 2130 Sclnnied.
835 2089 878 2128 in
895 2089 1003 2129 Lex.
1023 2089 1154 2131 Corn
1174 2102 1217 2141 p.
1239 2092 1308 2129 36.
1329 2089 1392 2128 uti
1406 2089 1497 2141 jam
1518 2091 1800 2142 rescripserat
1819 2096 1946 2131 antea
1965 2096 2012 2132 et

171 2142 482 2202 interpretatus
502 2149 600 2184 erat
617 2142 753 2183 Heus.
773 2155 899 2196 quem
919 2142 1008 2183 vid.
1038 2142 1180 2183 Etiam
1209 2142 1311 2191 dare
1339 2143 1525 2183 voluisse
1559 2144 1678 2184 Stav.
1709 2156 1763 2183 ex
1791 2143 1885 2196 ejus
1907 2152 2008 2197 nota

168 2195 306 2238 aded.
327 2200 368 2238 2.
390 2197 619 2250 colligitur
624 2197 658 2250 ε]
687 2201 780 2238 ante
793 2202 942 2249 tempus
957 2195 1039 2237 Ed.
1054 2195 1157 2237 Ald.
1178 2196 1334 2238 Statim
1350 2196 1518 2248 contigit
1538 2209 1682 2239 nemmz
1699 2196 1778 2238 Ed
1801 2199 1953 2258 Steph.
1957 2221 2011 2228 -

994 2319 1035 2361 N
1043 2319 1174 2360 OTAE

219 2413 476 2467 lCoecyram
502 2412 572 2453 aab
603 2413 808 2466 imperium
833 2413 1050 2454 Athenien·
1119 2421 1415 2466 servaverunt,
1457 2422 1684 2468 postquam
1727 2416 1799 2457 diu
1843 2416 1897 2456 de
1936 2417 2009 2458 illo

168 2478 269 2520 eiam
282 2477 455 2529 redegit]
485 2477 634 2518 Insula
647 2482 714 2517 est
730 2476 773 2516 in
789 2477 912 2518 Ionio
927 2477 1050 2530 mari,

166 2552 280 2581 nunc
302 2542 428 2592 vulgo
451 2540 601 2588 Corsu3
630 2544 679 2579 ut
697 2552 840 2591 supra.

222 2603 242 2630 Κ
268 2603 472 2655 Adjnnxit
491 2602 697 2655 Epirotas]
726 2602 846 2654 Epiri
863 2602 1048 2654 regionis

167 2668 351 2709 Graeciae
378 2679 522 2708 versus
556 2665 825 2707 Adriaticum
845 2678 962 2706 mare
985 2667 1048 2706 in-

162 2731 297 2783 ῐῖὀῐιε,
312 2721 541 2784 quiprimo
562 2729 783 2783 Pyrrhidae
804 2730 910 2771 dicti
930 2738 1045 2771 sunt.

167 2801 174 2817 ’
221 2793 519 2847 ¹Athamanas]
559 2794 744 2836 Quidam
775 2792 1045 2841 Autumnum,-

169 2857 244 2898 alii
271 2857 579 2904 Athamantios5
608 2857 680 2897 alii
704 2856 963 2906 Acarnana,-
991 2870 1046 2897 ex

165 2919 379 2971 Diodoro,
398 2921 511 2973 quod
531 2931 615 2959 non
643 2920 855 2972 improbo,
881 2921 982 2974 quia
1002 2921 1046 2961 in

164 2995 216 3024 eo
261 2987 405 3024 tractu
441 2981 549 3024 nuni
589 2982 862 3024 inveniuntur
897 2984 1047 3036 populi

169 3046 242 3100 qui
286 3045 575 3099 superioribus
605 3045 845 3086 nominibus
883 3047 1048 3100 cogniti

163 3107 339 3149 fuerint.
393 3110 465 3150 De
485 3107 779 3150 Acarnauibus
799 3114 942 3151 autem
954 3109 1048 3161 „iam

166 3170 328 3214 dictum
344 3176 427 3212 est.

163 3244 175 3257 ⁸
218 3241 249 3264 ¹¹¹
278 3237 378 3283 Quae
395 3249 503 3276 mare
517 3235 615 3276 iuna
632 3236 829 3288 adjacent]
857 3235 1048 3289 Antiqua

165 3298 368 3352 loquendi
396 3297 562 3348 forma3
591 3311 685 3351 pro,
712 3311 809 3352 quae
839 3299 945 3339 mari
964 3299 1044 3350 illi,

167 3361 250 3412 vel,
269 3361 322 3401 ad
340 3355 457 3402 mare
476 3361 597 3411 illud,
618 3361 832 3413 adiacent.

219 3430 239 3450 ¹¹
286 3423 451 3476 Imperii
506 3425 698 3465 maritimi
754 3425 1043 3478 principatum]

165 3485 305 3531 Quem
325 3500 403 3539 per
420 3489 697 3542 septuaginta
711 3491 899 3544 quinque
914 3502 1043 3531 annos

1117 2490 1212 2519 cum
1236 2479 1571 2519 Lacedaemoniis
1602 2479 1888 2520 Athenienses
1909 2493 2010 2522 con·

1117 2542 1370 2583 tendissent.
1600 2532 1605 2538 ¹
1675 2534 1677 2537 ’

1168 2613 1187 2633 ⁰
1215 2607 1311 2647 Aroe
1332 2618 1437 2648 PACI
1455 2607 1606 2659 publice
1622 2608 1701 2648 sint
1711 2608 1859 2660 faceae]
1891 2607 2001 2650 Aras

1116 2670 1209 2720 paci
1220 2669 1313 2721 jam
1348 2672 1509 2720 positas
1544 2680 1643 2722 post
1675 2671 1903 2712 victoriam
1935 2673 2005 2713 Ci-

1114 2732 1248 2772 monis
1277 2732 1320 2771 in
1356 2733 1514 2773 Persas
1549 2734 1617 2774 ad
1638 2735 2005 2787 Eurymedontem

1113 2795 1265 2837 scribit
1298 2796 1559 2838 Plutarchus
1590 2797 1635 2838 in
1671 2798 1860 2852 Cimone,
1890 2799 2005 2853 quod

1114 2859 1278 2911 Nepoti
1299 2869 1545 2912 repugnare
1566 2861 1756 2902 videtur.

1167 2928 1188 2955 Ρ
1204 2923 1345 2974 ‚Eique
1364 2923 1463 2963 Deoe
1487 2924 1670 2974 pulvinar
1685 2924 1742 2965 sit
1758 2925 2006 2977 institutum]

1114 2985 1240 3029 Quod
1258 2986 1372 3038 apud
1390 2987 1603 3029 Romanos
1619 2986 1663 3027 in
1677 2999 1796 3034 more
1815 2988 2003 3040 positum

1115 3055 1198 3100 est,
1219 3054 1267 3089 ut
1286 3056 1333 3089 et
1352 3049 1469 3101 apud
1493 3049 1688 3102 Graecos,
1716 3062 1768 3090 ex
1799 3051 1938 3100 Livio,
1955 3054 2004 3091 et

1114 3112 1208 3152 aliis
1235 3111 1306 3164 qui
1337 3109 1590 3165 frequenter
1618 3113 1671 3153 de
1702 3112 2001 3154 Lectisterniis

1111 3175 1362 3227 loquuntur,
1384 3186 1460 3214 seu
1479 3175 1613 3215 sacris
1633 3175 1945 3228 pulvinaribus.

1168 3243 1189 3272 ‘1
1221 3237 1422 3278 Timotheo
1449 3237 1602 3290 publice
1637 3242 1811 3280 statuam
1843 3238 2000 3290 infore

1111 3300 1342 3351 posuerunt]
1387 3301 1585 3342 Statuam
1627 3302 1739 3344 hane
1761 3301 1892 3344 -inter
1923 3313 1999 3347 ea·

1112 3368 1310 3402 numerat
1335 3362 1567 3403 Pausanias
1587 3376 1682 3417 quae
1714 3364 1759 3405 in
1778 3362 1896 3407 Areo
1913 3360 2001 3408 lui-

1112 3438 1255 3467 nervae
1272 3426 1429 3478 positae
1450 3431 1564 3467 sunt.

191 3582 195 3585 «
273 3554 419 3607 Βεὶρὴ.
431 3559 471 3596 et
494 3556 586 3597 Ver.
606 3557 713 3598 Clas.
1040 3559 1145 3610 Nep.
1846 3558 1886 3598 N
