2352 3892
1080 301 1250 350 wrm.
1996 299 2069 353 21

245 424 326 482 At
347 426 511 480 facile
534 424 820 481 Ausonius
846 443 971 480 cum
992 426 1215 480 Catullo
1256 427 1666 491 conciliabitur,
1703 444 1832 481 cum
1866 434 2070 484 certum

246 513 340 578 sit,
377 511 502 564 ideo
526 510 757 565 Gallum
777 513 992 577 vocari,
1032 513 1182 582 quod
1207 514 1464 566 nimirum
1492 513 1658 566 Italia
1679 514 2070 582 transpadana,

246 597 436 651 Gallia
459 602 652 665 togata
675 597 965 650 diceretur.
1040 598 1113 649 Et
1139 598 1394 665 quamvis
1435 599 1543 651 sint
1570 598 1837 662 nonnulli,
1878 599 1975 666 qui
2001 600 2071 653 de

239 685 423 755 patria
455 685 578 754 ejus
617 686 749 738 urbe
776 701 837 737 se
864 685 1163 753 quicquam
1190 684 1391 737 habere
1418 685 1689 753 comperti
1727 688 1949 750 negent:
1987 687 2069 738 ni·

239 769 534 822 hilominus
561 775 764 835 tamen,
802 775 1005 838 praeter
1039 771 1344 839 scriptores
1385 786 1419 823 a
1451 770 1611 823 nobis
1642 768 1764 836 jam
1794 768 2067 833 laudatoS,

239 854 398 908 multi
423 855 519 907 alii
545 860 676 907 sunt
719 856 1037 923 gravissimi
1060 856 1165 907 viri
1202 856 1297 924 qui
1321 854 1380 906 id
1403 855 1736 916 confirment,
1776 854 2070 922 ipsumque

239 936 607 991 Veronensem
649 940 829 992 civem
881 956 1005 992 esse
1046 939 1252 1002 dicant,
1308 943 1499 1007 utpote
1542 938 1638 1006 qui
1677 941 1826 989 ortus
1872 938 1946 989 sit
1995 952 2069 993 ex

239 1023 369 1076 vieo
393 1022 800 1076 Veronensium
827 1023 1095 1088 Hostilia,
1135 1024 1209 1077 ad
1235 1023 1381 1076 Padi
1418 1023 1569 1093 ripas
1600 1022 1728 1075 sito,
1805 1022 1901 1075 Sic
1920 1022 2072 1075 Vos-

239 1109 357 1161 sius
381 1108 437 1161 in
465 1108 706 1178 Nepotis
730 1109 876 1163 vita:
918 1113 935 1137 ‘
959 1108 1075 1173 At,’
1110 1111 1307 1179 inquit,
1346 1114 1365 1137 ‘
1389 1109 1770 1163 Veronensem
1803 1108 1980 1161 fuisse
2012 1110 2070 1162 in

238 1192 476 1247 Leandri
502 1193 719 1247 Alberti
752 1193 919 1247 Italia
943 1195 1095 1263 lego:
1132 1196 1215 1247 uti
1238 1198 1293 1247 et
1316 1195 1371 1246 in
1398 1192 1836 1261 Cosmographia
1873 1194 2069 1262 optimi

240 1284 408 1347 atque
434 1279 761 1332 amicissimi
797 1279 1074 1348 quondam
1114 1279 1238 1343 viri,
1278 1278 1443 1331 Pauli
1468 1278 1715 1332 Merulae.
1791 1278 1971 1331 Immo
1995 1295 2069 1332 ex

239 1361 640 1416 Veronensium
705 1363 1124 1416 Historicorum
1192 1364 1408 1432 syllabo
1468 1362 1660 1433 (quem
1709 1363 2067 1417 doctissimus

239 1448 716 1517 amplissimusque
783 1447 1106 1501 Alexander
1166 1447 1448 1508 BecelluS,
1500 1446 1836 1500 Veronensis
1898 1447 2068 1503 Urbis

238 1530 617 1585 Cancellarius
641 1533 791 1596 fecit,
830 1550 896 1584 ac
933 1533 1336 1585 illustrissimus
1373 1531 1573 1584 Comes
1599 1531 1920 1585 Fernandus
1940 1532 2006 1586 N
2008 1549 2068 1586 o-

233 1616 444 1682 gai-ola,
481 1617 566 1668 vir
611 1620 672 1668 ut
716 1632 934 1683 genere,
973 1617 1054 1669 ita
1100 1617 1380 1668 literarum
1430 1615 1620 1668 studio
1663 1617 2063 1682 nobilissimuS,

238 1710 366 1751 cum
406 1698 700 1752 Laurentio
737 1698 1017 1766 Pignorio,
1058 1703 1224 1768 atque
1262 1700 1313 1751 is
1349 1716 1568 1752 mecum
1613 1701 2067 1770 communicavit)

235 1784 482 1852 intelligo
511 1788 708 1837 ⁴natum
739 1783 916 1836 fuisse
954 1783 1236 1852 Nepotem
1261 1784 1318 1836 in
1344 1784 1626 1850 Hostilia3
1664 1786 1764 1853 qui
1787 1785 2068 1838 Veronen-

233 1869 375 1921 sium
399 1870 555 1922 vicus
578 1874 682 1932 est,
709 1867 933 1932 Tacito,
962 1868 1165 1933 Plinio,
1203 1868 1563 1933 Cassiodoro,
1603 1873 1659 1921 et
1688 1868 1968 1923 Antonino
2008 1871 2068 1924 in

233 1952 524 2005 Itinerario
547 1957 905 2017 memoratuS,
929 1953 1207 2022 hodieque
1225 1953 1642 2008 Ecclesiasticae
1659 1954 2068 2008 Veronensium

229 2038 268 2091 J
272 2038 614 2091 urisdictioni
655 2036 949 2091 subditus!
1036 2037 1132 2090 Sic
1178 2038 1350 2092 etiam
1399 2037 1718 2108 Onuphrius
1766 2039 2059 2093 Panvinus

232 2122 499 2192 Catalogo
563 2123 859 2176 illustrium
922 2122 1254 2192 scriptorum
1301 2123 1722 2188 Veronensium,
1803 2123 1932 2178 Lib.
1985 2138 2065 2179 v1.

230 2206 505 2278 Antiquit.
545 2213 563 2278 ξ
590 2208 1096 2269 Constantissimo,'
1132 2211 1328 2278 inquit,
1369 2213 1386 2236 ‘
1413 2208 1672 2263 Civitatis
1706 2214 1915 2263 nostrae
1954 2214 2063 2263 tes·

231 2294 461 2347 timonio
498 2292 816 2346 Cornelium
850 2293 1135 2363 Nepotem
1175 2295 1356 2348 virum
1395 2293 1798 2359 doctissimum,
1841 2298 1897 2347 et
1929 2295 2068 2348 anti-

228 2378 498 2446 quitatum
535 2378 780 2430 omnium
817 2380 1228 2446 peritissimum,
1268 2379 1650 2432 Veronensem
1687 2379 1865 2432 fuisse
1891 2379 2061 2432 tradi-

230 2470 348 2516 tur:
387 2464 477 2516 cui
515 2464 571 2515 in
603 2479 819 2515 summa
845 2457 1017 2516 Curia
1053 2479 1178 2517 cum
1204 2465 1433 2533 reliquis
1459 2463 1879 2517 Veronensibus
1903 2464 2060 2518 illus-

224 2548 417 2613 tribus,
442 2549 609 2602 etiam
633 2550 822 2600 statua
845 2548 1032 2615 posita
1054 2551 1137 2600 est
1161 2565 1236 2600 ex
1258 2549 1486 2617 publica
1506 2547 1878 2602 auctoritate?

304 2633 397 2686 Ex
422 2634 625 2703 quibus
655 2632 910 2686 omnibus
927 2631 1051 2702 jam
1094 2632 1308 2702 liquido
1333 2638 1490 2702 patet
1513 2650 1584 2686 ex
1608 2650 1846 2703 quanam
1871 2634 2066 2688 Patria

232 2708 523 2773 Cornelius
548 2723 736 2772 noster
773 2723 928 2770 ortus
972 2717 1061 2770 sit.
1137 2716 1325 2782 Nunc,
1367 2718 1525 2788 cujus
1563 2717 1727 2771 fuerit
1766 2719 1947 2771 aetatis
1983 2717 2065 2771 in-

232 2805 500 2858 dicemus·

306 2889 478 2942 Hunc
525 2889 668 2942 Julii
718 2888 962 2943 Caesaris
1008 2891 1063 2942 et
1108 2887 1352 2957 Augusti
1400 2889 1743 2958 temporibus
1810 2888 2067 2942 floruisse

232 2974 483 3044 pluribus
508 2975 844 3042 argumentis
883 2974 1236 3027 manifestum
1260 2979 1382 3029 est:
1421 2990 1648 3043 quorum
1670 2973 1906 3043 primum
1930 2973 2067 3027 illud

234 3061 377 3122 esto,
417 3059 566 3127 quod
610 3076 810 3129 nempe
857 3059 1111 3113 Catullus
1153 3058 1335 3112 Poeta
1374 3059 1445 3112 ad
1477 3076 1605 3112 eum
1633 3075 1778 3127 opus
1802 3074 1984 3121 suum,
2006 3062 2067 3110 ut

231 3159 404 3212 supra
426 3144 780 3208 ostendimuS,
807 3144 1099 3210 direxerit3
1138 3161 1301 3213 quem
1335 3144 1504 3197 Marii
1529 3151 1585 3197 et
1607 3144 1776 3213 Syllae
1805 3142 2066 3210 tempori·

233 3228 342 3280 bus
370 3235 556 3280 natum
581 3244 706 3279 esse
731 3233 939 3281 certum
981 3232 1083 3292 est,
1120 3235 1175 3280 et
1217 3227 1289 3280 ad
1331 3228 1617 3282 Caesarem
1641 3243 1817 3295 usque
1837 3226 1957 3294 jam
1980 3242 2066 3288 re?

234 3327 353 3364 rum
380 3313 618 3380 potitum
645 3314 981 3381 pervenisse.
1057 3311 1296 3376 Deinde,
1334 3313 1481 3365 hunc
1523 3311 1806 3364 Ciceronis
1830 3309 2066 3368 familia—

233 3412 345 3453 rem
393 3401 626 3450 testatur
674 3396 893 3451 Gellius
938 3398 1038 3451 lib.
1092 3412 1203 3452 xv,
1253 3397 1343 3451 28.
1427 3400 1445 3424 ‘
1486 3395 1776 3449 Cornelius
1827 3394 2066 3464 Neposss

232 3479 433 3558 inquit,
474 3484 491 3508 ‘
514 3485 567 3534 et
589 3497 766 3534 rerum
791 3484 1069 3538 memoriae
1095 3499 1202 3537 non
1228 3482 1543 3551 indiligenS,
1568 3485 1622 3535 et
1649 3480 1732 3535 M.
1762 3478 2064 3545 Ciceronis,
