2326 3860
738 254 782 295 1.
847 252 1234 304 minianum,
1273 251 1411 291 cAP.
1446 238 1500 291 4.

200 382 291 414 suoe
307 371 603 425 dominationi,
620 371 752 414 fuisse
766 372 1091 414 consulturum!

202 435 364 483 Maluit
403 436 536 488 igitur
581 435 835 476 Graecorum
881 435 1093 486 libertati,

203 511 332 551 quam
351 510 439 539 suae
468 499 750 539 dominationi
786 499 964 548 servire,
992 498 1092 548 fide,

199 575 329 620 quam
371 562 554 603 barbaro
583 562 788 602 adversus
819 562 1000 615 patriam
1048 566 1095 602 et

203 625 451 667 libertatem
468 626 655 667 Graeciae
669 625 866 676 dederat,
880 625 1095 676 neglecta.

201 689 413 740 Omnino,
447 701 502 728 ne
528 687 631 742 quid
651 689 929 739 dissimulem,
946 687 1096 727 melius

206 749 382 793 fecisset
420 751 660 802 Miltiades,
698 751 734 792 si
769 751 899 791 fidem
947 751 1095 791 Persis

208 828 294 858 non
331 816 537 857 dedisset.
582 815 724 856 Lamb.
782 815 995 855 Peccasse
1039 815 1097 854 vi·

203 879 367 929 dentur
401 880 545 932 Magio
575 884 622 920 et
650 878 889 929 Miltiades,
907 877 981 932 qui
1001 890 1098 931 pro-

206 942 382 985 ditionis
406 944 494 984 hoc
523 943 748 985 consilium
777 942 1022 996 agitaverit,
1051 947 1098 982 et

208 1007 376 1061 Nepos,
411 1009 485 1061 qui
519 1007 563 1048 id
581 1007 755 1058 ,factum
773 1006 1096 1064 approbaverit.

202 1071 440 1115 Lambinus
461 1077 580 1113 recte
599 1071 708 1112 vidit
721 1072 835 1111 hunc
858 1071 996 1111 locum
1011 1082 1099 1110 uon

210 1147 307 1176 esse
329 1133 458 1183 ἁπλῆς
481 1137 552 1183 τῆς
572 1134 744 1188 κρίσεως,
762 1135 840 1176 sed
858 1136 1100 1187 συνκριτικῆς

204 1197 448 1247 ὑποθέσεως.
487 1199 656 1240 Istiaeus
675 1204 735 1251 et,
748 1211 852 1253 quos
872 1200 1100 1240 sententiae

214 1264 526 1316 approbatores
544 1265 709 1316 habuit,
727 1265 891 1317 caeteri,
909 1270 1100 1305 nontam

202 1325 298 1375 ‚fide
319 1327 362 1367 in
382 1327 575 1379 Persam,
595 1341 721 1382 quam
739 1341 845 1369 cura
861 1341 948 1369 suae
969 1327 1100 1368 domi-

201 1390 395 1433 nationis
426 1392 712 1443 potestatisve
732 1391 904 1432 tuendae
925 1396 1100 1444 pontem

206 1453 544 1496 custodiebant:
574 1454 796 1497 Miltiades
831 1467 930 1497 cum
968 1454 1102 1496 detri-

208 1523 356 1560 mento
391 1518 481 1559 suae'
515 1519 761 1571 potestatis,
800 1519 954 1571 patriae
980 1530 1102 1570 opes,

212 1580 491 1635 quami-egis
528 1593 687 1635 augere
719 1582 888 1624 maluit.
922 1582 1102 1623 Boecler.

151 1640 165 1652 ⁸
209 1644 302 1686 Alii
337 1644 437 1693 libri
486 1644 665 1697 habent,
680 1648 832 1687 ,tamen
866 1657 1103 1697 magnopere

184 1734 188 1737 -
209 1712 268 1750 est
285 1708 517 1750 laudandus.
598 1714 604 1721 '

267 1773 378 1814 Cu».
395 1776 438 1813 4.
467 1774 536 1813 Ex
556 1771 739 1824 Europa]
774 1772 950 1825 Scythia
967 1772 1102 1813 Euro-

213 1847 326 1888 paea,
363 1836 599 1888 nonaginta
630 1836 812 1877 militum
839 1835 1028 1892 millibus
1058 1847 1102 1875 a-

166 1939 169 1942 .
204 1899 365 1948 ‚missia
393 1901 405 1923 ‘
426 1899 630 1941 Metuens
666 1911 721 1940 ne
747 1899 830 1939 sibi
855 1900 1022 1940 reditus
1041 1900 1103 1940 in-

213 1965 414 2014 terrupto
433 1966 565 2014 ponte
593 1961 698 2002 Istri
722 1961 984 2014 negaretur.'
1043 1960 1104 2001 0-

215 2024 352 2065 rosius
371 2036 425 2065 11.
447 2028 487 2065 8.
513 2024 760 2068 Jornandes
790 2025 847 2065 de
869 2024 996 2066 rebus
1018 2025 1106 2065 Ge-

217 2087 326 2129 ticis.

270 2145 542 2192 Hor-cantibus
569 2150 726 2203 amieis]
772 2151 941 2206 Hippia
960 2151 1107 2206 impri-

217 2215 312 2267 mis,
348 2214 570 2255 Pisistrati
595 2216 787 2267 Tyranni
825 2215 935 2266 filio,
974 2227 1107 2268 regno

216 2289 357 2330 nuper
376 2278 517 2331 pulso,
537 2278 676 2332 quise
701 2279 839 2320 Xerxi
857 2278 957 2320 belli
976 2279 1108 2320 etiam

217 2340 446 2390 ductorem
467 2341 643 2382 obtulit
677 2342 880 2397 adversus
910 2337 1107 2396 patriam.

211 2404 388 2459 ,Confer
402 2404 517 2446 Just.
538 2416 570 2447 1.
601 2405 784 2447 Kirchm.
859 2405 863 2409 ”

273 2469 448 2509 Classem
484 2468 788 2520 quingentarum
823 2469 1002 2521 navium]
1041 2470 1107 2510 ’‘E-

210 2538 346 2582 ,πλεον
364 2530 587 2586 ἑξακοσίῃσι
613 2531 785 2585 τριήρεσι
806 2532 844 2574 ἐς
861 2532 936 2582 τὴν
950 2531 1107 2581 Ἰωνίην.

212 2595 436 2637 Herodot.
510 2596 823 2637 Sexcentarum
869 2596 1108 2637 triremium

219 2659 403 2700 classem
423 2659 516 2700 sine
546 2659 725 2700 navibus
756 2660 1009 2712 hippagogis
1034 2659 1110 2701 lib.

212 2732 285 2768 Νι.
336 2722 390 2762 In
418 2723 588 2763 navium
618 2733 797 2765 numero
814 2734 901 2763 non
929 2734 1109 2763 consen·

218 2785 354 2835 tium,
395 2785 755 2837 quemadmodum
792 2790 838 2826 et
875 2785 1109 2826 hominum.

221 2846 351 2891 Quod
389 2847 591 2888 crebrum
629 2843 745 2901 apud
781 2848 1027 2901 Scriptores
1065 2848 1109 2889 in

221 2911 430 2952 Historiis
449 2911 631 2953 bellicis.
684 2913 922 2953 Trecentas
943 2918 1111 2955 tantum

215 2973 356 3018 fnisse
372 2975 414 3014 iu
434 2974 640 3028 Epitaph.
659 2975 788 3021 Plato
809 2975 962 3017 refert.
1063 3011 1069 3017 .

194 3086 220 3098 .-
278 3032 422 3084 Datim
438 3037 622 3090 prefecit
636 3042 677 3079 et
692 3038 1000 3091 Artaphernem]
1020 3039 1110 3080 He-

222 3100 412 3144 rodotus
431 3101 503 3143 lib.
521 3113 584 3143 vt.
611 3100 759 3143 ἄλλους
787 3102 830 3143 δὲ
847 3102 1110 3156 στρατη-γοὺς,

220 3163 424 3216 hodiem,
451 3163 662 3205 ἀπέστειλε
681 3166 745 3205 ἐπί
756 3181 802 3206 τε
827 3166 1024 3220 Ἐρέτριαν
1047 3167 1112 3208 καὶ

215 3228 404 3280 ,Ἀθήναῃ
424 3227 549 3268 Δᾶτίν
584 3243 648 3281 τε,
673 3229 789 3269 ἐόντα
825 3231 959 3278 Μῆδον
983 3229 1112 3283 γένος,

222 3292 288 3339 καὶ
314 3292 576 3345 Ἀρταφέρνεα
592 3293 664 3333 τὸν
680 3293 957 3347 Ἀρταφέρνεος
978 3297 1111 3336 παῖδα.

215 3357 352 3398 Plato
373 3357 520 3397 Datim
539 3357 673 3397 solum
703 3364 1037 3407 commemorem
1068 3357 1110 3397 in

223 3420 492 3473 Epitaph.et
512 3420 567 3460 de
589 3420 692 3472 Leg.
746 3420 818 3460 Sic
847 3419 1110 3461 Plutarchus

210 3482 310 3537 -περὶ
333 3482 568 3536 παραλλήλ.
612 3485 733 3526 Δᾶτις
752 3485 774 3524 ὁ
794 3487 952 3539 Περσῶν
970 3483 1114 3539 σαπρά·

333 3551 479 3604 Daph.
496 3556 536 3592 et
562 3551 658 3594 Var.
678 3552 788 3594 Clas.

1101 3552 1207 3606 Nep.

1930 236 2039 306 417

1151 386 1228 420 πης
1256 371 1358 422 μετὰ
1386 368 1596 423 τριάκοντα
1625 367 1814 422 μυριάδων
1841 366 1895 408 εἷς
1913 372 2046 419 Μαρα-

1153 438 1255 476 θῶνα
1281 426 1594 488 παραγενόμενός
1610 431 1742 473 πεδίον
1758 434 1831 481 τῆς
1852 432 2046 479 ’Ar-ranis.

1157 498 1336 539 Lambin.
1391 497 1623 537 Pausanias
1651 496 1780 536 solius
1808 494 2047 547 Artapher-

1155 562 1220 602 nis
1241 561 1507 612 meminit,in
1527 559 1703 601 Atticis.
1732 560 1849 610 Mag.
1905 559 2047 601 Quem

1156 623 1457 678 Aristophanis
1519 624 1755 664 Enarrator
1817 623 1830 662 ‘.
1861 621 2050 664 Artaba·

1156 687 1264 740 zum'
1285 693 1438 728 vocat:
1471 687 1661 741 Μαραθὼν
1685 685 1806 728 τόπος
1826 688 1899 735 τῆς
1917 688 2047 728 Ἀττι-

1157 753 1243 801 κῆς,
1275 750 1328 793 εἰς
1358 751 1404 793 ὃν
1437 751 1667 805 ἇνῶρμησαν
1708 752 1831 792 Δᾶτις
1862 750 1928 792 καὶ
1961 752 2052 805 Ἀρ-

1156 813 1348 866 τάβαζος,
1378 815 1544 864 Μηδικοὶ
1562 813 1775 868 σατράπαι,
1808 813 2053 869 πεμφθέντες

1159 877 1233 929 ὑπὸ
1265 877 1430 931 Δαρείου
1464 878 1652 926 βασιλέος
1675 878 2053 920 καταδουλώσασθαι

1157 941 1232 990 τὴν
1265 941 1454 988 Ἐλλάδα.
1483 975 1485 977 .
1511 943 1651 984 Addit
1693 942 1900 995 mimus,
1933 941 2051 998 quod

1161 1018 1259 1045 cum
1292 1006 1336 1046 hi
1373 1004 1574 1058 praefecti
1603 1020 1630 1047 a
1656 1007 1793 1047 Dario
1821 1006 1937 1047 missi
1967 1006 2053 1048 toti

1162 1068 1350 1110 Graeciae
1364 1075 1460 1122 post
1471 1069 1789 1110 Marathoniam
1800 1070 1966 1111 cladem
1981 1082 2053 1111 ac-

1161 1136 1336 1184 ceptam
1355 1132 1515 1173 bellum
1535 1133 1877 1186 denuntiassent,
1903 1144 1931 1173 a
1949 1133 2058 1173 civi-

1163 1195 1323 1236 tatibus
1343 1201 1389 1236 et
1409 1195 1560 1235 insulis
1594 1196 1752 1248 passim
1781 1196 1825 1236 in
1844 1195 1946 1236 belli
1965 1195 2055 1248 sig-

1161 1271 1264 1299 num
1295 1258 1436 1311 ignem
1470 1264 1517 1299 et
1545 1271 1701 1312 aquam
1722 1260 2008 1312 postulantes,
2028 1272 2055 1300 a

1161 1321 1388 1374 Spartanis
1417 1321 1460 1362 in
1484 1327 1663 1374 puteum
1682 1323 1875 1376 conjecti
1905 1335 2059 1376 super-

1163 1389 1327 1425 structa
1346 1397 1454 1438 pyra
1471 1385 1557 1425 vivi
1579 1382 1778 1426 suffocati
1813 1386 1923 1437 sint3
1957 1386 2057 1427 sub·

1164 1447 1444 1489 sannantibus
1478 1448 1648 1489 interim
1686 1460 1761 1490 eos
1798 1449 2057 1502 Laconibus,

1164 1510 1280 1565 quod
1321 1510 1532 1553 haberent
1567 1511 1614 1552 id
1654 1511 1771 1566 quod
1809 1513 2059 1566 petiissent.

1164 1576 1293 1627 lang.
1410 1587 1415 1592 ·

1218 1639 1404 1681 Ducem
1435 1639 1616 1691 peditum
1657 1639 1804 1692 millia]
1845 1640 1977 1682 Plato
2012 1641 2058 1683 in

1164 1703 1412 1744 Menexeno
1442 1703 1588 1744 classis
1609 1704 1767 1745 milites
1784 1704 1916 1746 millia
1937 1705 2058 1759 quin-

1167 1772 1302 1819 genta>
1338 1766 1582 1819 implevisse
1630 1768 1706 1808 ait.
1766 1768 1913 1810 Naves
1954 1779 2058 1809 vero

1165 1829 1300 1871 fuisse
1319 1835 1552 1887 trecentas.
1581 1830 1761 1882 Magius.

1226 1893 1395 1936 Causam
1414 1893 1669 1946 interserens]
1707 1891 1813 1936 Infr.
1843 1895 2058 1937 Themist.

1167 1958 1181 1982 ‘
1202 1957 1384 1998 Causam
1406 1957 1714 2010 interponens.'
1746 1957 1874 1999 Gema.

1224 2020 1278 2061 Se
1296 2021 1443 2062 hostem
1461 2020 1562 2072 esse]
1609 2010 1765 2061 Darius
1779 2021 1849 2062 hic
1867 2020 1976 2062 adeo
1996 2022 2062 2062 in-

1169 2083 1318 2131 fensus
1333 2084 1414 2125 fuit
1431 2083 1785 2137 Atheniensibus,
1800 2091 1849 2125 ut
1861 2086 2063 2138 apposita

1168 2161 1292 2198 coena
1319 2160 1344 2188 a
1378 2149 1564 2189 satellite
1585 2154 1652 2189 ter
1672 2148 1837 2189 moneri
1858 2149 2062 2201 voluerit,

1169 2210 1344 2261 μέμνησο
1362 2209 1587 2260 Ἀθηναίων.

1228 2277 1343 2322 Quod
1361 2288 1492 2316 eorum
1509 2275 1681 2328 auxilio]
1726 2275 1941 2328 Legitime
1974 2275 2063 2316 bel-

1171 2340 1258 2380 lum
1293 2352 1391 2380 cum
1418 2340 1470 2380 iis
1498 2339 1749 2393 suscipitur,
1769 2339 1843 2393 qui
1862 2339 2061 2380 adversa·

1173 2403 1282 2444 rium
1320 2415 1576 2458 quacunque
1613 2415 1660 2443 re
1686 2404 1911 2455 juverunt,
1942 2402 2063 2456 quod

1172 2466 1366 2520 pluribus
1385 2462 1655 2508 demonstrat
1673 2467 1918 2508 Gebhordus.
1960 2467 2065 2508 Plu-

1173 2530 1347 2571 tarchus
1365 2536 1518 2571 contra
1546 2531 1817 2572 Herodotum
1852 2537 1899 2573 et
1930 2532 2064 2574 Justi-

1173 2606 1274 2635 num
1311 2595 1356 2634 in
1401 2595 1494 2635 vita
1538 2594 1762 2647 Aristidis,
1804 2608 1891 2636 non
1928 2589 2062 2637 fnisse

1173 2659 1464 2700 Athenienses
1501 2659 1748 2699 auxiliarios
1784 2659 1960 2700 Ionibus
1989 2660 2064 2701 ad·

1174 2725 1298 2774 serit,
1350 2721 1427 2763 sed
1486 2722 1658 2763 Sardeis
1707 2723 1907 2764 incendio
1971 2735 2063 2766 vas·

1144 2833 1151 2842 ¹
1173 2793 1317 2828 tasse:
1348 2786 1432 2826 ἐπεὶ
1463 2785 1507 2826 δὲ
1532 2787 1654 2827 Δᾶτις
1680 2785 1752 2826 ὑπὸ
1777 2786 1941 2839 Δαρείου
1967 2803 2063 2836 πεμ-

1173 2849 1298 2903 specis,
1338 2850 1449 2902 λόγῳ
1491 2849 1564 2900 μὲν
1601 2851 1784 2891 ἐπιθεῖναι
1821 2850 1930 2900 δίκην
1948 2852 2063 2900 Ἀθη·

1174 2914 1308 2968 ναίοις,
1345 2915 1407 2956 ὅτι
1443 2913 1602 2967 Σάρδεις
1633 2914 1863 2968 ἐνέπρησαν,
1891 2915 1992 2969 ἔργῳ
2011 2914 2063 2971 ,δὲ

1173 2977 1516 3031 καταστρέψασθαι
1533 2977 1625 3019 τοὺς
1639 2976 1856 3028 Ἕλληνας.
1899 2981 2064 3031 Longo!-

1174 3043 1303 3082 Plato
1336 3053 1438 3082 vero
1466 3042 1508 3081 in
1539 3042 1810 3082 Menexeno:
1841 3045 1853 3065 ⁴
1877 3043 1966 3083 Nos
1988 3054 2064 3082 au·

1175 3105 1294 3156 tem:
1334 3105 1486 3158 inquit,
1510 3104 1895 3157 ‘Eretriensesque
1936 3116 2065 3145 accu-

1174 3180 1272 3209 sans
1294 3168 1473 3217 Darius,
1488 3167 1606 3219 qnasi
1622 3167 1830 3207 Sardibus
1844 3168 2067 3209 insidiare-

1174 3244 1295 3273 mur:
1326 3231 1404 3271 tali
1419 3236 1591 3282 sumpta
1608 3230 1791 3270 bellandi
1807 3229 2068 3275 occasione.’

1175 3297 1292 3345 Mag.

1227 3358 1386 3410 Sardis]
1427 3356 1508 3397 Vel
1540 3357 1706 3398 Sardos.
1763 3358 1851 3399 Pro
1870 3370 1955 3411 quo
1975 3369 2065 3399 me·

1175 3421 1257 3461 lius
1290 3420 1479 3461 Sardias:
1506 3419 1579 3461 τὰς
1615 3419 1780 3474 Σάρδιαι
1815 3422 1979 3474 Ionica,
2013 3428 2065 3464 ut

1175 3482 1332 3537 Σάρδιες
1359 3496 1440 3538 pro
1459 3482 1632 3538 Σάρδεις.
1662 3484 1860 3527 Alcman.
1904 3484 2065 3542 Σᾴρδιοε
