2326 3860
308 241 418 296 312
921 254 1221 297 connium
1262 256 1527 297 Nummus

310 376 523 431 biam6.b
565 376 834 430 adversus
858 393 983 428 eum
1008 375 1178 429 venit.
1229 374 1397 427 -Cum
1441 376 1528 428 his
1568 391 1792 429 manum
1830 377 2136 431 conseruit:

309 467 594 530 utrosque⁷
619 461 973 530 profligavit-⁰
1009 460 1144 512 Inde
1161 476 1264 529 per
1288 456 1550 527 Liguresd
1569 458 2141 528 Appeninum‘trans-

311 547 395 611 iit,
420 550 610 615 petens
638 541 982 601 Etruriam.⁸f
1050 543 1180 596 Hoc
1219 545 1409 596 itinere
1437 543 1576 597 adeo
1609 545 1759 611 gravi
1793 546 1986 598 morbo
2028 544 2142 598 affi—

313 632 457 684 citur
501 631 834 692 oculorum‚ss
875 633 934 681 ut
955 632 1154 697 postea
1185 644 1467 697 nunquam
1506 628 1759 681 dextero⁹
1799 646 1958 697 aeque
2001 631 2143 684 bene

314 716 471 769 usus⁶
496 713 609 769 sit.¹²
685 714 816 778 Qua
838 713 1204 767 valetudinem
1229 731 1355 766 cum
1382 715 1547 766 etiam
1579 721 1768 767 nunc¹¹
1793 719 2143 783 premeretur,

311 801 625 869 lecticaque
666 799 919 865 ferretum
959 799 1026 852 C.
1070 799 1407 851 Flaminium
1457 799 1635 852 Cos.¹²
1678 801 1829 869 apud
1865 800 2143 853 Trasime-

306 882 506 959 numssi
532 901 658 938 cum
683 884 936 936 exercitu
955 883 1175 937 insidiis
1201 883 1635 954 circumventum
1659 882 1894 940 occidit.j
1946 884 2144 954 Neque

692 1033 710 1061 ὃ
743 1035 797 1075 Ut
813 1034 990 1087 deinceps
1006 1034 1190 1074 dextrum
1207 1033 1431 1074 debiliorem
1449 1046 1599 1088 semper
1616 1035 1799 1077 senserit.

1086 1141 1383 1158 OONOOOOONO

314 1215 396 1252 -6
422 1210 496 1258 Sic
516 1210 645 1252 etiam
663 1211 750 1251 ΜΒ.
772 1211 923 1257 Boecl.
936 1210 1063 1252 Leid.
1084 1216 1124 1254 2.
1142 1212 1242 1254 Sav.
1261 1210 1349 1254 Gif.
1369 1212 1470 1254 Put.
1490 1211 1576 1252 Ax.
1593 1213 1717 1254 Voss.
1737 1216 1776 1254 1.
1792 1216 1831 1254 2.
1851 1216 1890 1254 3.
1920 1212 2034 1255 Edd.
2050 1224 2150 1255 nos-

315 1265 374 1305 tri
402 1269 588 1306 veteres.
642 1264 729 1305 Sed
748 1267 800 1305 ad
822 1265 1002 1305 Trebiam
1020 1266 1103 1307 Ed.
1129 1267 1278 1308 Lamb.
1307 1267 1459 1319 Steph.
1482 1267 1632 1307 Boecl.
1685 1266 1849 1319 [Atque
1869 1265 2072 1308 Amtzen.
2092 1266 2151 1324 ad

312 1319 358 1359 S.
380 1317 487 1359 Aur.
506 1318 671 1359 Victor.
690 1319 745 1359 de
761 1319 842 1359 vir.
861 1319 922 1359 ill.
942 1331 1039 1371 cap.
1057 1323 1124 1361 62.
1144 1332 1208 1360 nr.
1228 1325 1270 1362 2.
1290 1320 1496 1373 praeferre
1512 1320 1682 1360 videtur
1696 1322 1748 1360 nd
1765 1321 1958 1372 Trebiam,
1975 1326 2022 1362 et
2039 1320 2154 1374 ejus·

313 1373 432 1420 modi
450 1372 679 1413 locutionis
700 1385 826 1424 quam
846 1373 1030 1424 plurima
1058 1375 1276 1426 congessit
1307 1374 1532 1425 exempla:
1575 1373 1661 1415 vid.
1681 1375 1803 1416 Stav.
1832 1374 1887 1414 ad
1915 1374 1985 1415 ed.
2005 1378 2046 1416 3.
2076 1374 2152 1429 qui

318 1431 462 1467 tamen
478 1425 606 1467 codd.
625 1432 671 1467 et
690 1426 789 1467 Bos.
809 1432 1000 1477 secutus,
1019 1427 1061 1467 h.
1078 1428 1110 1467 l.
1130 1429 1190 1467 nil
1209 1427 1466 1479 mutat.]——7
1500 1428 1715 1479 Utrumque
1748 1428 1829 1470 Ed.
1862 1428 2010 1470 Lamb.
2065 1428 2152 1470 Sed

314 1479 498 1532 'utrosque
517 1480 648 1521 etiam
667 1481 753 1522 Ms.
771 1480 893 1521 Leid.
929 1484 965 1521 1.
985 1485 1025 1521 2:
1052 1482 1180 1522 Voss.
1201 1485 1240 1522 1.
1259 1485 1300 1522 2.
1319 1485 1360 1522 3.
1415 1481 1524 1522 Mox
1538 1482 1628 1522 inde
1645 1482 1813 1533 Ligures
1830 1482 1910 1524 Ed.
1929 1484 2029 1524 Par.
2047 1480 2154 1523 Ald.

317 1538 364 1574 et
381 1533 603 1586 Apeninum
621 1533 702 1575 Ed.
720 1534 750 1577 J
754 1546 842 1576 ens.
861 1534 982 1575 Med.
1002 1533 1232 1586 Arg.'Par.
1251 1534 1507 1588 [Apoeninum
1526 1535 1608 1576 Ed.
1623 1536 1778 1588 Long.]
1818 1536 1974 1577 Statim
1992 1535 2156 1590 nuncii&

316 1588 448 1627 etiam
481 1588 564 1628 Ed.
593 1588 717 1629 Jens.
748 1587 868 1628 Med.
900 1588 1006 1640 Arg.
1039 1589 1173 1642 Long.
1202 1589 1353 1641 Steph.
1383 1589 1523 1630 Gebh.
1556 1590 1723 1630 Kench.
1751 1590 1875 1643 [Bos.
1906 1590 1994 1630 Ith.
2013 1590 2156 1632 Wetz.

316 1640 552 1692 Schmied.]
608 1642 692 1681 Sed
710 1643 857 1682 transit
877 1643 930 1683 al.
964 1643 1134 1694 [hamb.
1155 1643 1294 1683 HeuS.
1312 1643 1430 1684 Stav.
1451 1643 1572 1684 Harl.
1588 1643 1832 1684 Tzschuck.
1860 1648 1899 1685 1.
1922 1648 1964 1684 2.
1989 1642 2158 1695 Brem.]

317 1698 398 1735 -8
427 1695 664 1735 Hetruriam
683 1696 765 1735 Ed.
785 1696 908 1738 Jens.
930 1695 1050 1735 Med.
1071 1696 1180 1748 Arg.
1206 1697 1312 1737 Par.
1347 1698 1482 1749 Long.
1513 1698 1633 1751 Mag.
1651 1697 1803 1750 Steph.
1825 1697 1967 1738 Gebh.
1987 1697 2158 1738 Kench.

318 1752 400 1789 -9
427 1749 608 1789 Dextera
629 1749 780 1790 aberat
812 1762 838 1789 a
868 1750 954 1790 Ms.
987 1749 1109 1791 Leid.
1127 1754 1166 1791 2.
1220 1750 1307 1791 Sed
1338 1752 1478 1791 dextro
1511 1751 1590 1791 Ed.
1618 1750 1740 1792 Jens.
1773 1751 1896 1792 Med.
1926 1752 2033 1792 Par.
2051 1750 2155 1793 Ald.

319 1802 468 1846 Lamb.
498 1801 652 1842 Patav.
684 1803 942 1855 [Tzschuck.
969 1804 1109 1844 Wetz.
1127 1803 1402 1854 Brem.]—10
1437 1805 1610 1847 Valitud.
1630 1805 1712 1844 Ed.
1745 1805 1867 1847 Jens.
1899 1804 2020 1845 Med.
2050 1804 2157 1846 Par.

318 1854 419 1896 Ald.
436 1855 719 1909 ubique.—11
748 1856 820 1896 Sic
839 1869 1010 1909 quoque
1028 1857 1116 1897 Ms.
1137 1856 1220 1898 Ax.
1238 1857 1339 1908 [Ed.
1358 1859 1459 1898 Bos.
1476 1858 1597 1898 Stav.
1615 1859 1853 1899 Tzschuck.
1872 1857 1996 1899 Harl.
2017 1857 2156 1899 Wetz.

314 1908 474 1950 Heinr.
529 1922 617 1950 cum
647 1911 883 1962 etiamnunc,
902 1910 1182 1961 conjunctim,
1215 1912 1259 1950 h.
1279 1922 1318 1951 e.
1353 1911 1605 1963 etiamnum,
1642 1911 1798 1963 adhuc,
1831 1913 1977 1953 Brem.
2005 1917 2160 1952 contra

316 1962 552 2003 Tzschuck.
595 1975 697 2003 nunc
728 1963 1059 2016 interpretatur,
1093 1976 1145 2004 eo
1177 1967 1388 2016 tempore,
1428 1977 1512 2017 quo
1539 1966 1765 2018 sequentia
1796 1966 2083 2018 contigerunt,
2110 1970 2160 2018 et

319 2016 462 2058 Wetz.
482 2016 691 2068 explicat,
706 2017 789 2058 hoc
807 2016 900 2070 ipso
921 2017 1148 2069 tempore]
1194 2018 1277 2057 Sed
1297 2021 1381 2058 tum
1395 2019 1518 2059 etiam
1534 2031 1636 2059 nunc
1654 2020 1739 2060 Ms.
1759 2019 1911 2061 Boecl.
1938 2032 2025 2060 cum
2041 2019 2160 2061 etim»

317 2074 405 2110 tum
424 2070 508 2112 Ms.
525 2071 710 2112 Voss-⁷1.
743 2070 867 2111 Leid.
887 2075 928 2112 2.
961 2071 1045 2111 Ed.
1072 2070 1195 2112 Jens.
1225 2070 1346 2112 Med.
1378 2071 1485 2124 Arg.
1517 2073 1655 2124 Long.
1686 2073 1805 2125 Mag.
1837 2073 1988 2114 Boecl.
2021 2072 2161 2125 Heus-

317 2123 443 2177 [Iun]
483 2136 600 2177 quam
616 2123 736 2165 etiam
751 2128 845 2164 tunc
879 2125 965 2165 Ms.
982 2118 1109 2165 vois.
1126 2128 1166 2177 3.
1197 2124 1262 2178 (in
1299 2137 1384 2178 quo
1411 2124 1503 2166 fere
1523 2138 1694 2178 semper
1726 2128 1795 2167 vel
1826 2139 1943 2178 quam
1961 2126 2031 2167 vel
2047 2138 2161 2179 quem

318 2177 680 2272 ff3b32““”1²<{32³1?¹
698 2177 859 2272 ⁸122.ssae
878 2191 963 2273 ‘'²⁶1'ss
981 2179 1497 2274 ²{Zff;.‘1‘5‚32⁸1.⁸2‘3⁷‘{122202
1506 2179 2162 2286 ξιῖῑιΡᾞὲωρἓῖωῗιὲἷψῧ

319 2285 615 2326 Transimenum
634 2287 720 2328 Ms.
738 2286 861 2327 Leid.
880 2289 923 2327 2.
942 2284 1027 2328 Ax.
1043 2287 1168 2329 Voss..
1186 2289 1227 2326 2.
1242 2289 1284 2327 3.
1316 2286 1612 2328 Throesimenum
1628 2287 1710 2328 Ed.
1732 2287 1835 2328 Ald.
1859 2288 2162 2341 strasymenum

1156 2407 1336 2450 NOTAE

375 2499 394 2527 ¹³
420 2500 541 2553 Apud
563 2501 762 2556 Trebiam]
790 2503 966 2544 Fluvius
984 2507 1054 2545 est
1071 2515 1209 2557 prope
1275 2504 1448 2546 Italiam
1484 2504 1670 2546 mediam
1707 2503 1941 2545 secundum
1977 2501 2163 2562 longitu-

317 2564 593 2625 ·Placentiam
612 2567 656 2607 in
676 2567 820 2609 Gallia
839 2569 1073 2623 Cisalpina.
1278 2568 1420 2609 dinem
1453 2568 1694 2609 intersecat
1709 2583 1722 2619 3
1748 2567 1793 2607 in
1822 2567 1942 2619 cujus
1975 2567 2162 2609 transitu

378 2634 396 2654 ⁰
440 2629 632 2683 Utrunque
665 2632 920 2685 profligavit]
966 2634 1209 2688 Utrumque

323 2691 554 2734 Consulem
568 2693 611 2734 in
630 2695 711 2736 hoc
730 2697 881 2748 praelio
895 2695 1064 2738 affuisse
1082 2702 1212 2739 testa-

322 2761 396 2796 tur
427 2754 681 2809 Appianas:
717 2759 894 2812 quidam
913 2766 1098 2812 negant:
1141 2761 1210 2801 Li-

325 2818 417 2858 vius
448 2823 593 2860 tamen
614 2821 912 2875 Sempronium
933 2821 1106 2864 affuisse
1128 2827 1211 2865 tes-

324 2881 409 2921 tari
439 2881 626 2935 videtur,
664 2896 844 2937 eumque
879 2887 1022 2939 priore
1060 2887 1211 2939 praelio

323 2949 589 2997 superatum,
626 2948 803 2988 Romam
835 2950 1018 3001 venisse,
1055 2951 1211 2992 deinde

323 3007 368 3047 in
387 3012 530 3049 castra
557 3008 749 3056 rediisse,
780 3015 826 3050 et
857 3011 913 3051 ad
943 3012 1213 3054 Placentiam

325 3084 425 3114 cum
441 3072 688 3114 Hannibale
707 3073 967 3116 conflixisse.

320 3188 322 3190 -
378 3134 399 3163 ⁴¹
425 3135 524 3177 Inde
537 3149 612 3189 per
630 3137 824 3189 Ligures]
853 3138 966 3180 Haec
986 3139 1072 3180 dno
1104 3152 1213 3193 prae·

321 3200 383 3239 lia
408 3204 639 3253 antequam
669 3201 713 3241 in
745 3202 964 3254 Liguriam
995 3201 1214 3245 Hannibal

326 3262 572 3313 perveniret
587 3264 816 3304 commissa
830 3270 946 3317 sunt,
963 3271 1011 3306 ut
1026 3271 1214 3308 testatur

327 3324 486 3367 Livius.
539 3325 679 3367 Porro
708 3327 885 3378 Ligures
914 3327 1031 3368 inter
1047 3329 1213 3370 Varum

326 3392 374 3427 et
393 3387 588 3429 Macram
610 3401 754 3430 amnes
773 3390 817 3430 in
837 3390 932 3431 imis
950 3390 1127 3444 Alpium
1140 3393 1213 3447 ju·

268 3495 286 3499 -
329 3448 394 3502 gis
410 3448 650 3489 adhaerent.
707 3452 873 3492 Florus.

380 3517 398 3539 e
425 3511 694 3566 Appeninum]
723 3513 919 3555 Montem
932 3515 1213 3566 altissimum3

1276 2634 1460 2674 multum
1480 2644 1651 2686 quoque
1676 2630 1906 2671 laboravit.
1959 2628 2072 2670 Vide
2092 2629 2164 2671 Li-

1278 2696 1393 2737 vium
1413 2695 1518 2736 locis
1532 2695 1626 2747 jam
1645 2694 1806 2735 citatis.

1333 2755 1350 2783 f
1362 2758 1512 2797 Petens
1530 2756 1758 2807 Etruriam]
1787 2754 1928 2796 Italiae
1944 2754 2165 2808 regionem

1278 2819 1334 2860 ad
1352 2819 1534 2871 primam
1562 2831 1696 2872 nsque
1713 2817 1884 2858 Tiberis
1911 2817 2048 2871 ripam
2065 2829 2167 2871 pro-

1278 2888 1462 2935 tensam,
1492 2887 1539 2922 et
1565 2894 1592 2921 a
1619 2881 1852 2934 Liguribus
1872 2880 2022 2933 Macra
2040 2892 2166 2923 amne

1280 2946 1509 2987 discretam
1527 2958 1541 2996 ;
1589 2945 1712 2997 cujus
1746 2944 1870 2985 hodie
1904 2940 2167 2998 Metropolis

1281 3008 1515 3050 Florentia.

1334 3076 1356 3106 s
1377 3070 1509 3110 Gravi
1522 3070 1652 3111 morbo
1667 3070 1837 3124 afficitur
1856 3071 2071 3125 oculorum]
2095 3070 2169 3123 Sic

1280 3133 1412 3174 etiam
1434 3133 1579 3175 Livius
1601 3133 1673 3174 lib.
1693 3144 1812 3174 xxxx.

1324 3195 1347 3224 ¹¹
1363 3198 1418 3238 Ut
1430 3200 1564 3250 postea
1576 3209 1774 3250 nunquam
1784 3199 1947 3239 dextero
1956 3209 2064 3253 oeque
2074 3196 2168 3239 bene

1279 3273 1372 3301 usus
1387 3261 1462 3313 sit]
1491 3262 1650 3302 Factus
1668 3266 1735 3301 est
1747 3260 1860 3301 enim
1879 3255 2037 3309 luscus,
2050 3259 2167 3301 unde

1279 3324 1420 3367 Poeta
1438 3324 1664 3378 Satyricus
1684 3336 1730 3365 x.
1758 3325 1771 3347 ⁴
1793 3323 1833 3363 O
1853 3322 1993 3375 qualis
2018 3320 2166 3377 facies,

1280 3394 1327 3430 et
1345 3389 1463 3443 quali
1492 3389 1625 3440 digna
1657 3387 1838 3438 tabella,
1865 3386 1975 3427 Cum
2005 3384 2168 3428 Getula

1280 3453 1434 3493 ducem
1455 3455 1652 3503 portaret
1666 3450 1811 3490 bellna
1828 3448 1989 3487 luscum
2003 3445 2029 3488 ξ’

1335 3510 1348 3563 .¹
1376 3512 1423 3552 C.
1441 3511 1680 3552 Flaminium
1715 3511 1805 3551 Coe.
1841 3509 1947 3561 apud
1977 3508 2172 3551 Trasim-
