2326 3860
257 269 367 324 382
867 279 1028 321 coms
1040 280 1165 320 Emi
1211 281 1475 320 NEPo'ms

258 410 359 468 ωε,
384 407 444 456 ut
475 402 532 455 in
558 400 805 469 quadam
829 400 902 453 ad
925 396 1245 453 Cornelium
1285 390 1568 475 Nepotem
1599 400 1836 470 epistola
1859 385 2089 456 'rullius‘

258 503 478 558 quoque
503 487 666 540 testis
690 485 1022 539 reverendus
1049 484 1298 538 affirmat.
1372 482 1520 535 Idem
1546 473 1639 535 lib.
1667 499 1854 538 xxm.
1877 485 2045 540 initio.

330 571 635 624 Sententiae
661 571 811 623 illius
835 570 1109 622 Tullianae
1135 569 1373 637 ignaruS‚
1401 569 1672 634 docentis,
1691 570 1938 624 infelices
1964 589 2088 626 esse

260 674 383 722 eOS,
411 656 508 726 qui
534 655 722 709 omnia
755 654 866 708 sibi
895 654 1061 707 licere
1101 653 1544 708 existimaruntff'
1616 651 1766 707 Idem
1788 653 1877 707 lib.
1902 668 2089 710 xxvi.

258 748 389 794 extr.
456 754 463 759 ·

528 889 738 945 IDEM
775 889 888 944 AD
927 885 1297 949 ATTIGUM
1334 888 1445 943 DE
1482 888 1822 944 NEPOTE.

333 1017 574 1087 Nepotis
606 1016 899 1086 epistolam
936 991 1192 1083 expecto.
1267 1014 1522 1085 Cupidus
1563 1016 1657 1069 ille
1688 1033 1952 1083 meorum,
1992 1018 2091 1088 qui

259 1120 328 1157 ea
353 1103 557 1174 quibus
582 1102 828 1165 maxime
866 1105 1068 1173 γαυςιῶ,
1107 1100 1342 1169 legenda
1373 1117 1482 1154 non
1519 1103 1715 1171 putet'l
1772 1107 1825 1155 et
1863 1103 1948 1157 ais
1985 1100 2096 1174 μετ’

261 1188 509 1258 ἀμύμονατ
549 1195 611 1244 tu
639 1204 772 1244 Vero
804 1187 1023 1258 ἀμύμων,
1057 1188 1151 1242 ille
1190 1187 1413 1259 quidem
1454 1188 1711 1262 ἄμβροτος.
1786 1187 1912 1242 Lib.
1954 1191 2097 1270 xvl.

260 1294 287 1327 e
326 1313 339 1327 .
363 1277 415 1329 5.

278 1293 491 1414 pMale
514 1377 708 1415 narras
734 1360 805 1415 de
832 1359 1077 1429 Nepotis
1103 1358 1261 1412 filio.¹
1304 1358 1487 1413 Valde
1512 1359 1826 1414 mehercule
1846 1376 2093 1426 moveor,
2122 1397 2129 1404 -

262 1452 318 1501 et
340 1448 576 1502 moleste
597 1448 731 1501 fero·
805 1446 1139 1500 Nescieram
1180 1446 1427 1510 omnin0,
1472 1461 1598 1499 esse
1639 1446 1801 1500 istum
1843 1460 2092 1517 puerum.

266 1529 371 1602 Ep.
396 1534 486 1586 14.

337 1616 446 1671 Hic
475 1617 712 1671 Schottus
732 1615 946 1670 inseruit
970 1611 1185 1668 Catonis
1208 1619 1257 1667 et
1282 1613 1456 1669 Attici
1477 1615 1631 1669 vitas.

438 1864 875 1928 CORNELII
919 1864 983 1929 N
988 1865 1307 1928 EPOTIS
1350 1866 1922 1931 FRAGMENTA

290 1998 568 2039 lNcERTA
608 1997 852 2037 PARTJM
895 1999 1019 2048 Quo
1061 1999 1252 2038 LlBRO
1295 1999 1514 2039 POSITA
1554 2001 1798 2057 PARTIM
1839 1998 2071 2052 QUIBUS

873 2083 1100 2122 VERBIS
1142 2084 1484 2124 coNcEPTA.

267 2191 352 2229 vu.
390 2155 628 2234 NEPOS
672 2179 899 2229 auctore
939 2181 1094 2230 certo
1136 2177 1475 2245 comperisse
1513 2192 1574 2231 se
1614 2177 1708 2241 ait,
1747 2177 1813 2232 C.
1841 2177 2111 2233 Laelium'·

268 2261 554 2332 quondam
594 2261 652 2313 in
694 2260 1004 2315 Puteolano
1045 2262 1285 2316 Kalend.
1341 2262 1586 2315 Martiis⁸
1637 2262 1978 2317 admonitum
2028 2265 2101 2317 ab

267 2359 461 2411 uxore,
484 2346 789 2416 temporius
821 2351 884 2400 ut
907 2346 1321 2413 discumberet,a
1343 2347 1575 2418 petiisse
1618 2349 1690 2401 ab
1729 2365 1798 2402 ea
1835 2364 1906 2401 ne
1943 2348 2101 2402 inter-

1094 2491 1271 2534 NOTAE

323 2588 349 2608 w
378 2580 564 2631 Infelices
594 2594 677 2622 esse
706 2595 784 2635 eos,
819 2584 887 2636 qui
915 2585 1046 2626 omnia
1077 2585 1154 2626 sibi

268 2647 382 2686 licere
399 2645 698 2698 existimarunt]
726 2647 854 2688 Unde
879 2650 939 2691 D.
967 2648 1156 2701 August.

271 2710 326 2749 de
347 2708 475 2750 civit.
491 2708 591 2759 Dei,
610 2707 686 2749 lib.
703 2720 747 2750 v.
774 2709 786 2730 ‘
809 2709 848 2750 O
866 2710 1065 2751 miserum
1081 2712 1151 2752 cui

270 2782 455 2826 peccare
493 2772 697 2813 licebatl’
753 2773 809 2813 Et
847 2772 903 2814 de
938 2773 1152 2814 Trinitate

270 2839 347 2879 lib.
377 2849 481 2877 xm.
513 2842 553 2878 5.
587 2839 675 2879 ait:
729 2835 886 2879 ‘Velle
921 2839 1034 2893 quod
1070 2851 1156 2880 non

271 2901 445 2952 deceat,
473 2900 783 2942 miserrimum:
813 2909 1004 2943 nectam
1033 2903 1157 2944 mise·

273 2978 366 3007 rum
406 2969 489 3015 est,
524 2975 609 3005 non
649 2965 832 3018 adipisci
882 2966 999 3020 quod
1035 2967 1160 3018 velis,

273 3041 400 3084 quam
421 3027 602 3081 adipisci
622 3028 732 3068 velle
763 3028 877 3082 quod
911 3041 995 3070 non
1029 3041 1155 3082 opor-

271 3090 396 3145 teat,'
412 3094 494 3132 διο.
1054 3128 1060 3135 .

328 3161 350 3182 ¹
376 3156 490 3196 Male
507 3167 649 3196 narras
664 3155 712 3196 de
743 3154 912 3208 Nepotis
928 3154 1037 3210 filio,
1067 3154 1155 3208 ξω]

274 3219 327 3259 Id
349 3218 630 3272 cognationis,
651 3230 736 3259 non
758 3218 978 3271 proprium
998 3220 1155 3259 nome‘n

277 3293 370 3321 esse
391 3287 523 3333 put03
552 3293 648 3321 nam
682 3281 737 3321 de
757 3281 945 3322 Cornelii
968 3281 1155 3334 Nepotis

274 3344 363 3383 filio
382 3344 486 3383 nihil
503 3344 603 3384 mihi
623 3345 790 3398 uspiam
810 3345 1050 3385 occurrisse
1069 3356 1155 3385 me-

275 3418 379 3447 mim

332 3478 347 3505 ³
379 3470 512 3522 Nepos
543 3475 700 3512 auctore
730 3477 835 3513 certo
865 3472 1095 3525 comperisse
1117 3485 1159 3514 se

1219 2586 1294 2638 ait,
1327 2587 1374 2628 C.
1404 2586 1587 2638 Loezium,
1616 2585 1703 2639 850]
1750 2586 1879 2627 Hunc
1910 2585 2104 2629 Velleius

1219 2650 1336 2692 inter
1370 2657 1561 2692 oratores
1605 2655 1873 2690 annumerat.
1942 2649 2016 2690 De
2051 2661 2112 2692 eo.

1219 2714 1350 2754 etiam
1380 2714 1471 2755 Cic.
1504 2724 1583 2767 pro
1613 2712 1776 2753 Archia
1811 2712 1943 2766 poeta
1969 2711 2108 2773 loqui·

1218 2781 1303 2818 tur.

1271 2845 1288 2865 ²
1316 2839 1364 2879 In
1386 2839 1600 2879 Puteolano
1614 2840 1787 2881 Kalend.
1805 2837 1990 2891 Martiis]
2007 2837 2107 2881 Pu·

1220 2904 1416 2944 teolanus
1449 2916 1475 2944 a
1512 2903 1704 2954 Puteoli,
1739 2901 2118 2954 hodietPouzaoli,⁸

1220 2966 1427 3019 oppidum
1465 2967 1726 3007 maritimum
1774 2966 2035 3019 Campania,
2081 2977 2115 3014 a,

1221 3030 1412 3083 Neapoli
1443 3036 1596 3072 octavo
1628 3030 1772 3083 lapide
1790 3030 1971 3083 distans,
1988 3041 2014 3083 ι,
2033 3029 2108 3070 Sa·

1220 3091 1316 3133 miis
1332 3091 1566 3135 conditum.
1620 3093 1745 3135 Dicti
1763 3093 1960 3146 Puteoli,
1972 3091 2063 3134 sive
2081 3104 2119 3140 a.

1221 3155 1348 3208 copia
1366 3161 1595 3208 puteorum
1621 3157 1741 3209 aquis
1771 3155 1922 3197 calidis
1938 3161 2106 3203 scaten-
2188 3175 2189 3178 =

1221 3219 1347 3269 tium,
1383 3218 1474 3259 sive
1505 3231 1532 3259 a
1563 3223 1733 3272 putore,
1765 3224 1946 3271 propter
1975 3227 2108 3270 aquas

1223 3280 1489 3332 sulphureas.
1559 3280 1674 3321 Vide
1704 3281 1779 3324 Fr.
1804 3281 2029 3322 Schottum
2062 3279 2112 3320 in

1222 3343 1355 3385 Urbis
1376 3344 1522 3384 Romae
1541 3340 1815 3386 admirandis.
2114 3396 2117 3398 ,

1279 3413 1298 3435 Β
1340 3407 1572 3461 ⁴Temporimt
1614 3411 1660 3447 ut
1706 3406 1974 3459 discumberet,
2016 3404 2112 3458 qm]

1227 3471 1556 3525 comparativus
1576 3483 1601 3513 a
1619 3475 1802 3525 tempore,
1819 3482 1904 3525 quo
1922 3469 1989 3512 usi
2007 3476 2107 3512 sunt
