2326 3860
646 285 804 328 xvir.
843 282 1387 338 AGTE81LAUS,'GAP.
1421 275 1477 328 7.
1865 268 1975 328 251

207 411 280 462 ’7.
305 405 450 461 'Sine
470 407 675 460 dubio¹
690 410 831 475 post·
842 405 1183 458 Leuctricam
1208 421 1453 475 pugnam
1480 396 1891 461 Lacedaemonii
1916 416 1977 461 se

158 508 436 562 nunquam
461 489 801 554 refecerunt,¹
815 496 838 527 Υ
872 506 1046 559 neque
1070 491 1359 559 pristinum
1385 492 1673 560 imperium
1695 507 1980 561 recupera-

158 584 309 631 runt:
350 576 475 630 cum
520 576 730 628 interim
770 575 1061 643 Agesilaus
1108 592 1212 627 non
1252 575 1484 640 destitit,
1529 574 1978 645 quibuscumque

160 663 324 716 rebus
347 659 560 731 posset,
605 662 837 730 patriam
873 660 1084 730 juvare.
1158 660 1305 715 Nam
1342 671 1467 712 cum
1487 661 1779 730 praecipue
1804 653 1980 714 Lace-

162 747 421 800 daemonii
460 746 762 813 indigerent
798 746 1068 813 pecunia3
1105 745 1197 796 ille
1241 746 1514 809 omnibuS,
1558 746 1655 813 qui
1681 762 1717 798 a
1739 753 1865 814 rege
1887 746 1981 799 de·

162 830 421 893 fecerant,
446 829 712 898 praesidio
733 829 878 880 suit.²
894 834 913 856 ²
950 826 1004 879 A
1030 829 1228 895 quibus
1245 844 1443 895 magna
1467 828 1706 882 donatus
1727 820 1980 898 pecunia,

162 915 395 983 patriam
428 914 751 965 sublevavit.
825 911 1009 981 Atque
1032 911 1220 964 inhoe
1244 912 1381 964 illud
1406 906 1656 981 inprimis
1680 914 1785 967 fuit
1808 903 1985 967 admiss

164 998 388 1063 rabile;³
434 994 559 1050 cuin
601 993 849 1049 maxima
883 1009 1108 1048 munera
1145 998 1197 1048 ei
1236 996 1307 1047 ab
1343 995 1580 1062 regibus,
1623 1002 1682 1048 et·
1712 997 1983 1066 dynastis,

166 1081 599 1150 civitatibusque
660 1082 1045 1145 conferrentur,
1104 1081 1241 1133 nihil
1301 1072 1539 1149 unquam
1586 1081 1692 1148 [in]
1740 1082 1989 1137 domum⁴

166 1182 319 1219 suam
357 1166 608 1231 contulit,
649 1167 786 1218 nihil
823 1162 891 1218 de
936 1167 1107 1230 victu,
1154 1166 1290 1217 nihil
1338 1165 1406 1217 de
1445 1166 1649 1218 vestitu
1697 1166 1987 1220 Laconum

167 1252 443 1305 mutavit.⁸¹
518 1252 702 1305 Domo
735 1251 928 1304 eadem
966 1246 1071 1304 fuit
1106 1255 1412 1314 contentuS,
1438 1267 1550 1319 qua
1575 1250 1987 1321 Eurysthene8,5

675 1387 688 1414 ¹
713 1387 904 1441 Spartani
917 1401 959 1430 se
974 1368 1168 1441 nunquam
1186 1387 1461 1429 restituerunt.

1196 1496 1220 1510 O

224 1573 247 1610 1
276 1567 326 1608 Si
350 1581 425 1608 non
450 1568 567 1608 dubio
596 1568 682 1608 Ms.
707 1567 790 1609 Ax.
822 1574 868 1609 et
900 1569 1148 1620 Leuctricam
1179 1569 1264 1608 Με.
1284 1570 1408 1609 Voss.
1428 1572 1551 1609 2.—2
1581 1569 1678 1609 Fuit
1691 1568 1840 1619 aberat
1860 1581 1885 1610 a
1903 1569 1992 1616 Ms.

174 1622 334 1662 Arm—3
365 1621 581 1662 Amirabile
613 1622 698 1662 Ms.
731 1621 854 1662 voss.
889 1626 930 1663 2.
962 1623 1078 1662 Dein
1096 1617 1342 1672 conferentur
1359 1623 1446 1662 Ms.
1464 1623 1588 1663 Voss.
1609 1626 1732 1663 1.-4
1762 1623 1876 1668 Quod
1894 1623 1996 1664 nihil

170 1687 364 1726 ’tunquam
382 1676 536 1715 domum
548 1674 634 1714 Ms.
650 1675 802 1715 Boecl.
820 1676 944 1717 Voss.
961 1679 1002 1717 2.
1019 1677 1083 1727 [et
1097 1675 1392 1728 comprobavit
1407 1674 1614 1716 Scheffer.
1631 1677 1731 1729 quia
1739 1688 1860 1724 more
1871 1676 1995 1717 Grae-

172 1741 319 1770 corum
350 1729 508 1780 duplex
541 1729 715 1780 negatio
748 1727 928 1768 validius
961 1734 1094 1779 neget
1110 1729 1144 1780 ε]
1181 1731 1283 1783 quod
1308 1729 1407 1768 nihil
1436 1742 1603 1781 unquam
1621 1731 1661 1770 d.
1682 1729 1870 1774 Ms.Ax.
1911 1729 1994 1773 Ed.

172 1783 310 1823 Wetz.
345 1787 392 1822 et
430 1782 590 1832 placuit
627 1780 856 1833 Heusing.]
902 1781 1003 1821 nihil
1029 1793 1196 1832 unquam
1213 1783 1316 1822 dom.
1346 1783 1430 1822 Ms.
1452 1783 1585 1823 Leid.·
1603 1788 1642 1823 1.
1664 1783 1787 1823 Voss.
1816 1787 1856 1825 1.
1912 1783 1995 1831 Ed.

173 1835 410 1886 Schmied.]
440 1835 541 1875 nihil
553 1847 591 1875 u.
610 1834 653 1874 in
671 1838 772 1875 dom.
791 1836 873 1875 Ed.
894 1835 921 1876 J
927 1846 1016 1876 ens.
1034 1834 1152 1874 Med.
1173 1834 1280 1886 Arg.
1303 1837 1401 1876 Par.
1422 1835 1526 1886 Ald.
1545 1837 1681 1888 Long.
1702 1838 1823 1889 Mag.
1843 1836 1996 1878 Lamb.

173 1889 324 1942 steph.
341 1888 485 1930 Gebh.
501 1889 650 1929 Boecl.
670 1888 839 1928 Kench.
859 1888 962 1928 Bos.
983 1892 1021 1928 1.
1042 1885 1201 1941 [Panfl.
1217 1888 1288 1940 qui
1303 1890 1510 1940 exemplis
1526 1896 1734 1942 veterum,
1746 1894 1878 1937 etiam
1894 1892 1999 1931 Cor-

171 1943 273 1982 'nelii
290 1953 374 1982 vu.
392 1945 432 1982 3.
461 1953 525 1982 vr.
546 1945 585 1982 3.
619 1941 761 1982 allatis
790 1941 936 1993 docet,
970 1954 1064 1982 voc.
1110 1944 1259 1991 domus,
1291 1942 1326 1981 si
1357 1953 1435 1993 per
1468 1941 1746 1994 adjectivum,
1762 1945 1803 1985 li.
1823 1944 1999 1994 Luam,

173 2001 248 2036 aut
267 2007 344 2048 per
363 1995 676 2036 substantivum
694 1996 736 2035 in
756 1994 964 2048 Genitivo
980 1995 1167 2036 curatius
1187 1995 1451 2046 designetur,
1469 1996 1661 2047 praeponi
1679 1998 1816 2036 solere
1831 2009 2001 2049 praepo·

175 2049 387 2090 sitionem.
444 2048 584 2100 Atque
613 2049 733 2090 Stav.
763 2049 818 2088 ad
845 2049 913 2088 ed.
946 2052 986 2089 3.
1008 2049 1156 2089 laudat
1182 2048 1321 2088 locum
1353 2049 1539 2089 Cornelii
1569 2050 1611 2089 in
1640 2049 1789 2090 Attico
1819 2062 1915 2102 cap.
1931 2054 2000 2093 22.

175 2102 188 2123 ‘
208 2107 377 2143 ut....ex
397 2101 523 2142 domo
553 2102 595 2142 in
616 2102 787 2143 domum
809 2102 1027 2143 videretur
1045 2103 1229 2154 migrare
1242 2101 1268 2141 :’
1297 2108 1342 2142 et
1366 2102 1505 2143 Cicer.
1538 2103 1612 2144 lib.
1634 2115 1666 2142 1.
1686 2102 1824 2147 Acad.
1851 2104 2003 2146 Quaes-

177 2155 285 2196 tion.
313 2157 326 2178 ‘
345 2155 577 2207 remigrare
611 2156 656 2196 iu
688 2155 860 2196 domum
890 2161 1080 2196 veterem
1106 2169 1131 2196 e
1153 2155 1293 2196 nova!
1336 2156 1507 2196 Harles.
1536 2157 1721 2209 conjecit
1752 2162 1798 2197 et
1830 2156 2004 2198 uberius

181 2209 406 2260 exposuit:
436 2211 447 2231 ‘
472 2209 736 2260 admirabile,
763 2209 891 2262 quod,
922 2208 1552 2259 cum....conferrentur,nihil,'
1568 2213 1648 2250 ὅτε.
1676 2210 1886 2262 Heusing.
1901 2221 2004 2251 vero

180 2269 227 2303 et
242 2262 479 2303 Tzschnck.
498 2268 626 2315 atque
645 2263 834 2304 Fischer.
851 2263 894 2303 in
913 2275 991 2304 suo
1020 2263 1206 2315 exempl.
1237 2269 1333 2315 post
1363 2263 1591 2303 admirabile
1617 2270 1824 2315 punctum
1850 2275 2006 2316 posue-

181 2321 295 2366 runt,
309 2321 355 2356 et
368 2316 476 2356 Cum
492 2317 655 2368 majore
674 2317 799 2357 litera
811 2317 967 2357 initiali
985 2318 1261 2368 scripserunt,
1277 2317 1433 2370 (atqui,
1452 2317 1488 2356 si
1504 2316 1551 2356 τὸ
1569 2319 1667 2368 quod
1685 2317 1890 2367 omiseris,
1908 2317 2005 2358 haec

180 2370 475 2422 interpunctio
508 2371 690 2410 concisae
721 2375 767 2410 et
796 2369 971 2410 minutae
999 2371 1184 2421 Nepotis
1217 2371 1400 2410 orationi
1432 2370 1517 2410 erit
1540 2370 1717 2422 aptior‚)
1734 2369 1782 2410 τὸ
1799 2370 1842 2411 in
1860 2376 2005 2412 autem

181 2435 278 2465 cum
297 2422 390 2463 aliia
410 2423 504 2463 VV.
526 2423 629 2464 DD.
647 2423 912 2464 incluserunt
930 2422 1168 2475 uncis.]--5
1199 2423 1441 2476 Erysthenes
1458 2424 1542 2464 Ms.
1564 2424 1684 2464 Leid.
1714 2429 1754 2466 2.
1775 2424 2008 2465 Her-istem

1006 2545 1181 2586 NOTAE

238 2630 257 2659 5
284 2623 336 2666 Se
366 2637 562 2677 nunquam
591 2625 830 2677 refecerunt]
855 2625 910 2666 Id
929 2630 1065 2667 trans-

185 2687 320 2729 latum
342 2692 410 2727 est
441 2687 495 2727 ab
515 2687 582 2739 iis,
617 2689 691 2741 qui
725 2701 748 2728 a
770 2689 957 2742 deliquio
990 2696 1065 2731 ant

186 2750 306 2802 gravi
320 2750 469 2790 morbo
486 2751 596 2790 vires
617 2757 830 2803 reparant.
886 2752 956 2792 Sic
975 2753 1064 2793 Sal-

1133 2626 1408 2679 arguiturque
1422 2626 1674 2679 Principum
1687 2637 1737 2666 ac
1754 2627 2008 2679 populorum

1134 2689 1312 2741 vanitas,
1340 2689 1412 2741 qni
1433 2694 1533 2740 post
1551 2688 1751 2728 victorias
1782 2689 2011 2730 secundas-

1132 2763 1214 2804 que
1234 2763 1317 2802 rea,
1335 2752 1474 2791 solent
1493 2751 1573 2791 sibi
1592 2752 1754 2791 cultum
1773 2752 2012 2804 opulentio-

188 2813 292 2852 lust.
319 2813 331 2835 ‘
354 2812 452 2855 Quo
470 2819 515 2853 et
531 2818 772 2854 ceterorum
793 2814 954 2855 animos
972 2815 1066 2855 refi-

189 2874 340 2915 ceret!
393 2877 450 2916 Et
468 2875 581 2916 infra
611 2877 654 2917 in
675 2877 921 2920 Hamilcare
950 2879 1066 2920 idem

190 2939 341 2991 Nepos
357 2953 368 2980 :
386 2939 400 2963 ‘
414 2938 459 2981 Si
473 2941 693 2994 paululum
705 2942 833 2983 modo
847 2955 912 2984 res
924 2950 1068 2985 essent

190 3001 393 3043 refecta!

249 3073 266 3092 ²
291 3067 365 3106 Ille
383 3066 570 3119 omnibus,
590 3068 656 3121 qui
674 3081 698 3109 a
722 3081 815 3120 rege
832 3068 1068 3122 defecerant,

187 3129 373 3182 proesidio
395 3129 504 3183 fuit]
563 3130 711 3172 Tacho
754 3132 946 3184 inprimis
997 3133 1071 3186 qui

194 3193 386 3246 Egypti,
419 3198 465 3234 et
498 3194 694 3235 Mausolo
725 3195 797 3248 qni
823 3195 962 3236 Cariae
993 3208 1071 3236 rex

195 3261 312 3307 erat3
345 3269 370 3296 a
399 3256 552 3309 quibus
582 3258 710 3298 etiam
742 3258 928 3298 maxima
960 3257 1072 3299 dona

195 3319 379 3371 accepit.
431 3320 629 3373 Xenoph.
649 3321 691 3360 in
714 3320 932 3373 Agesilao.

250 3386 271 3408 ⁸
298 3382 415 3422 Nihil
430 3384 479 3422 de
495 3382 615 3433 victu,
645 3383 747 3423 nihil
765 3385 812 3424 de
830 3383 975 3425 vestitu
993 3384 1072 3425 La-

196 3457 332 3485 conum
357 3445 543 3497 mavit]
572 3447 669 3488 Hoc
701 3447 834 3489 veluti
866 3461 1074 3490 summum

200 3507 499 3552 moderationis
527 3510 769 3563 exemplum
794 3512 1077 3564 proponitur3

1133 2825 1223 2854 rem
1241 2814 1520 2867 circumdare,
1533 2827 1582 2855 ac
1596 2815 1713 2855 victu
1735 2815 1916 2856 lautiore
1933 2815 2012 2857 uti.

1133 2876 1283 2916 Simile
1304 2878 1523 2931 quidpiam
1545 2876 1679 2919 refert
1700 2882 1850 2919 auctor
1865 2883 2012 2920 noster

1133 2939 1247 2981 infra
1261 2942 1305 2981 in
1320 2941 1480 2983 Attico.
1518 2944 1577 2984 Et
1590 2943 1617 2986 J
1621 2943 1784 2983 ustinus
1799 2943 1873 2984 lib.
1889 2953 2017 2985 κων.-

1134 3008 1178 3045 2.
1205 3006 1218 3028 ‘
1239 3004 1451 3057 Viriathi,'
1477 3005 1633 3059 inquit,
1657 3006 1670 3028 ‘
1687 3018 1738 3046 ea
1756 3007 1891 3047 virtus
1912 3018 2013 3047 con·

1136 3068 1402 3121 tinentiaque
1426 3067 1525 3119 fuit,
1556 3074 1604 3109 ut
1636 3082 1733 3110 cum
1761 3070 2014 3111 Consulares

1137 3131 1352 3171 exercitus
1390 3130 1638 3184 frequenter
1675 3132 1845 3182 vicerit,
1879 3131 2013 3173 tantis

1136 3193 1260 3233 rebus
1279 3193 1426 3246 gestis,
1436 3206 1522 3234 uon
1541 3207 1768 3246 armorum,
1784 3207 1868 3236 non
1883 3194 2017 3236 vestis

1137 3257 1313 3308 cultum,
1341 3268 1424 3296 non
1445 3255 1626 3309 denique
1645 3258 1805 3297 victum
1825 3262 2017 3300 mutave·

1136 3321 1219 3361 rit:
1241 3332 1324 3372 quo
1343 3319 1521 3371 primum
1537 3320 1698 3360 bellare
1716 3321 1863 3373 coepit,
1878 3334 2021 3375 perse-

1139 3383 1373 3434 veraverit,
1407 3388 1455 3423 ut
1484 3383 1620 3437 quivis
1653 3382 1874 3437 gregarius
1891 3385 2015 3426 miles

1139 3446 1232 3498 ipso
1269 3445 1539 3498 Imperatore
1575 3445 1819 3500 opulentior
1849 3445 2017 3490 videre-

1140 3509 1239 3551 tur?
