2346 3886
397 234 477 305 48
913 253 1301 304 'rns‘rmonm
1344 256 1419 295 Εἰ·
1457 257 1714 300 sumum

398 372 684 444 prosequi,
737 373 889 433 nulla
933 390 1006 426 ex
1045 376 1170 426 aliis
1197 376 1559 443 permixtione
1583 376 1868 434 admissa‘l
1941 379 2038 434 Sic
2060 379 2226 448 igitur

380 460 637 527 ¹gentium
664 460 865 527 prima„
882 459 968 510 illi
990 466 1335 520 ⁴memoratur
1361 458 1641 513 Persarum
1659 482 1679 519 ,·
1714 479 1785 516 ex
1807 462 1915 517 hac
1938 480 2093 531 reges
2115 481 2228 518 una

397 543 852 612 ¹serie'producit,
877 542 1114 612 Cyrum„
1131 544 1359 597 Darium
1389 545 1706 616 Hystaspis
1732 547 1925 612 filium,
1947 549 2226 614 Xerxem,

401 629 775 695 Artaxerxem
819 629 910 680 cui
950 634 1068 681 erat
1100 637 1555 697 cognomentum.
1583 631 1921 699 Macrochir,
1971 642 2026 688 et
2063 633 2228 689 Arta-
2288 641 2305 653 ‘

392 731 624 782 xerxem
647 714 976 780 cognomine
1004 713 1321 774 Mnemona.
1391 716 1541 772 'rum
1556 719 1806 787 sequitur
1824 736 1956 787 gens
1983 718 2231 772 Macedo-

398 818 551 857 uum3
589 816 663 852 ex
687 815 867 867 eaque
892 799 1155 863 continuo
1197 800 1498 869 Philippus
1537 818 1657 865 rex,
1699 801 1954 871 Amyntae
1980 804 2149 869 filius,
2172 810 2234 859 et

400 885 728 955 Alexander
755 884 1020 955 Magnus.
1090 884 1310 938 Deinde
1346 886 1594 940 succedit
1625 904 1767 955 gens
1792 886 2151 957 Epirotarum,
2176 892 2235 942 et

402 989 478 1025 ex
503 989 571 1024 ea
596 988 693 1022 rex
721 970 982 1038 Pyrrhus.
1059 970 1268 1023 Postea
1285 987 1438 1038 gens
1447 969 1651 1036 Sicula,
1684 989 1759 1025 ex
1782 990 1893 1041 qua
1915 975 2081 1026 nobis
2102 990 2234 1043 pro-

400 1058 558 1110 ducit
575 1054 913 1124 Dionysium
937 1056 1196 1124 priorem.
1263 1055 1413 1108 Tum
1440 1055 1673 1125 denique
1691 1057 1909 1125 attingit
1935 1058 2236 1126 separatim

398 1158 552 1203 novos
592 1139 707 1192 illos
747 1157 888 1210 reges
929 1139 1109 1192 factos
1141 1155 1215 1192 ex
1258 1141 1452 1194 amicis
1494 1146 1554 1193 et
1597 1141 1878 1210 praefectis
1920 1141 2235 1196 Alexandri

399 1221 631 1294 Magni,
660 1223 1022 1294 Antigonum,
1070 1225 1434 1290 Demetrium,
1474 1225 1888 1295 Lysimachum,
1918 1228 2233 1292 Seleucum,

399 1311 787 1372 Ptolemaeum,
879 1309 956 1363 At
999 1326 1169 1370 nunc„
1190 1311 1476 1379 paululum
1515 1312 1721 1368 oculos,
1749 1321 2133 1376 convertamus
2163 1313 2238 1366 ad

398 1397 599 1449 seriem
623 1397 1014 1462 imperatorum
1050 1394 1399 1459 Graecorum,
1415 1412 1572 1464 ,quos
1606 1396 1895 1465 bucusque
1920 1413 1985 1449 se
2011 1398 2093 1450 ait
2111 1413 2239 1467 per-

400 1485 677 1551 tractasse
704 1486 913 1533 auctor.
990 1479 1100 1544 Ibi,
1128 1496 1257 1533 cum
1281 1496 1507 1550 prorsus
1546 1482 1682 1534 nihil
1721 1482 2065 1535 difficultatis
2083 1488 2240 1552 repe-

398 1567 587 1630 riatur,
615 1582 729 1634 quo
764 1567 947 1618 minus
985 1566 1154 1618 simili
1188 1567 1411 1618 ratione*
1425 1571 1615 1620 auctor
1638 1567 1970 1634 singularum
1996 1567 2239 1622 Graeciae

399 1644 716 1715 civitatum,
741 1651 885 1708 inter
902 1667 973 1704 ,se
999 1655 1406 1719 separatarum,·
1417 1650 1592 1720 duces
1615 1652 1950 1704 excellentes
1974 1651 2240 1721 perpetuo

398 1738 599 1805 ,ordine
624 1737 927 1806 producere
949 1737 1224 1805 potnerit3
1261 1737 1430 1789 immo
1455 1753 1489 1788 a
1509 1737 1708 1804 quovis
1731 1742 2116 1804 cognoscatur,
2126 1737 2240 1792 -bac

396 1825 657 1887 methodo
704 1827 958 1878 instituta
1005 1825 1189 1876 minus
1238 1839 1534 1892 operosum
1583 1822 2012 1891 conquisitionis
2073 1828 2238 1893 atque

393 1911 773 1978 expositionis
796 1910 1039 1967 laborem
1079 1909 1135 1962 in
1150 1908 1281 1978 ,hoc
1323 1925 1487 1976 opere
1527 1907 1792 1961 debuisse
1815 1907 1974 1960 reddi
1999 1910 2241 1976 aucteri3

404 1994 884 2064 deprehendimuS,
909 1999 1038 2063 post
1064 2000 1177 2047 tres
1201 1992 1621 2047 Atheniensium
1658 1992 1828 2046 duces
1857 1993 2244 2062 interpositum

398 2080 894 2134 Lacedaemonium
940 2095 1134 2142 unum,
1178 2077 1374 2130 deinde
1421 2078 1582 2146 sequi
1631 2077 1812 2130 denuo
1851 2077 2243 2131 Atheniensem

394 2181 593 2230 unum,
623 2169 679 2218 et
703 2167 897 2218 iterum
924 2164 1446 2228 Lacedaemonium
1485 2168 1603 2217 tum
1640 2167 1754 2216 tres
1779 2164 2040 2225 continuo
2067 2161 2244 2216 Athe-

395 2249 647 2313 nienseS,
671 2265 815 2318 quos
841 2265 878 2302 a
902 2253 1032 2317 post
1066 2249 1486 2317 insequentibus
1507 2250 1681 2301 tribus
1718 2249 1998 2316 abrumpit
2022 2246 2245 2306 Siculus

395 2351 522 2393 -seu,
551 2334 935 2404 Syracusanus
977 2335 1161 2400 Dion3
1212 2337 1550 2402 postremum
1584 2333 1822 2401 denique
1848 2331 2246 2389 Atheniensem

394 2418 749 2472 Phocionem
777 2420 1034 2474 avulsum
1068 2436 1104 2472 a
1137 2418 1584 2489 praecedentibus
1611 2418 1913 2481 cernimuS,
1941 2434 2051 2470 non
2077 2416 2246 2490 modo

396 2501 698 2562 ,Thebanis
737 2504 958 2558 duobus
996 2521 1126 2558 cum
1163 2498 1448 2573 postremo
1475 2502 1924 2566 Lacedaemonio,
1969 2501 2069 2554 sed
2112 2499 2246 2554 Car-

406 2588 575 2643 diano
614 2590 782 2643 etiam
808 2590 1072 2653 Eumene,
1111 2594 1170 2642 et
1215 2590 1453 2642 barbaro
1493 2605 1732 2658 quoque,
1774 2589 1823 2641 si
1870 2588 1997 2643 Diis
2038 2587 2244 2655 placet,

396 2675 672 2740 Patame,
695 2681 962 2744 tanquam*
992 2675 1333 2738 retinaculis,
1366 2674 1696 2743 interjectis„
1752 2672 2001 2726 Tandem
2035 2671 2247 2726 claudit

395 2775 609 2828 agmen
669 2759 985 2813 Corinthius
1043 2760 1350 2813 Timoleon.
1442 2758 1516 2812 Et
1565 2759 1735 2810 istam
1795 2757 2267 2810 disturbationem·

398 2850 585 2913 eatque
622 2845 1148 2898 interturbationem
1197 2842 1443 2898 Graeciae
1489 2842 1780 2895 civitatum
1827 2842 1959 2894 mihi
2010 2844 2248 2894 excuset

396 2929 784 2996 <chronologiae
816 2930 997 2982 ratio'l
1055 2927 1235 2982 Nullo
1275 2927 1460 2982 modo,
1535 2925 1706 2991 Quid,
1730 2925 1878 2994 quod
1914 2942 1983 2977 ne
2016 2925 2248 2979 chrono-

411 3014 562 3083 logia
602 3014 855 3084 quidem,
879 3031 1046 3083 quam
1089 3013 1327 3066 editores
1370 3015 1705 3081 pr-aetexunt,
1742 3011 1834 3063 hic
1874 3017 2075 3065 exacte
2107 3009 2248 3067 satis

400 3098 674 3153 constat?
730 3097 999 3167 Alioquin
1037 3098 1181 3153 enim
1223 3097 1529 3167 Pelopidas
1553 3095 1880 3166 praecedere,
1907 3095 2066 3164 sequi
2098 3094 2248 3164 Epa-

399 3182 708 3237 minondas
731 3183 1041 3248 debuisset,
1066 3183 1219 3253 quod
1256 3188 1439 3237 tamen
1472 3182 1785 3240 clarissima
1813 3181 2055 3244 auctoris
2077 3179 2249 3252 verba

397 3285 521 3321 non
544 3268 859 3332 admittunt,
879 3268 976 3338 qui
1001 3269 1060 3323 in
1081 3267 1359 3338 Pelopida
1381 3266 1454 3321 ad
1473 3264 1918 3336 Epaminondam
1945 3262 2249 3333 respiciens

419 3352 518 3416 ait,
560 3355 578 3382 ‘
605 3352 753 3410 sicut
774 3368 947 3424 supra
969 3352 1300 3410 docuimus?
1904 3391 1908 3394 -

413 3485 416 3488 A
486 3436 594 3491 Vel
629 3438 735 3505 his,
764 3452 892 3510 quae
915 3438 1182 3496 hactenus
1218 3437 1437 3508 prolata
1476 3437 1623 3502 sunt,
1666 3434 1835 3490 credo
1869 3401 2246 3504 suspicionem
