2326 3860
970 691 1243 798 xxm.
1283 763 1307 781 .
1371 695 1375 697 ’

620 925 1710 1037 HANNIBAL.»>

874 1192 1328 1236 ARGUMENTUM.

189 1301 299 1343 CAP.
321 1305 360 1344 1.
407 1300 619 1343 Omnibus
637 1301 815 1343 ducibus
837 1303 991 1356 major,
1009 1297 1170 1344 invidia
1189 1303 1458 1346 debilitatur.
1512 1307 1556 1347 2.
1585 1304 1791 1359 Capitalis
1810 1306 2020 1349 Romano-

241 1381 337 1410 rum
354 1369 500 1411 hostis.
556 1373 597 1410 3.
627 1366 1144 1423 Imperator'Hispaniam
1171 1371 1345 1424 subigit.
1393 1371 1632 1424 Saguntum
1653 1378 1887 1426 expugnat.
1933 1374 2024 1415 Per

241 1435 378 1489 Alpes
397 1437 441 1477 in
460 1437 632 1478 Italiam
647 1436 817 1477 transit.
870 1440 909 1477 4.
926 1436 1094 1489 Saepius
1110 1436 1297 1478 feliciter
1315 1443 1482 1491 pugnat
1500 1437 1546 1478 in
1561 1438 1706 1484 Italia.
1763 1444 1802 1481 5.
1823 1441 2021 1494 Reliquae

242 1514 313 1543 res
334 1503 390 1543 ab
419 1515 471 1544 eo
502 1503 547 1543 in
567 1502 696 1543 Italia
724 1508 874 1555 gestae.
928 1507 970 1543 6.
1005 1502 1252 1545 Revocatus
1282 1505 1465 1558 patriam
1494 1504 1734 1558 defensum,
1763 1519 1789 1547 a
1817 1508 2022 1563 Scipione

242 1569 444 1615 vincitur.
500 1574 542 1611 7.
581 1571 721 1610 Domo
748 1570 805 1610 ad
842 1569 1100 1611 Antiochum
1134 1568 1342 1624 profugit.
1402 1575 1444 1613 8.
1482 1568 1742 1630 Suos'cives
1773 1571 1936 1614 frustra
1969 1575 2022 1615 ad

242 1635 404 1679 bellum
438 1638 644 1679 inducere
681 1643 834 1679 tentat.
901 1630 1165 1679 Rhodiorum
1200 1639 1356 1681 victor.
1423 1643 1462 1680 9.
1494 1640 1775 1689 Cretensium*
1799 1641 2022 1689 avaritiam

242 1690 425 1751 deludit.
484 1708 549 1746 10.
578 1705 738 1757 Regem
772 1697 904 1746 Ponti
936 1710 1075 1746 armat
1106 1705 1309 1758 adversus
1340 1705 1569 1747 Romanos.
1624 1709 1692 1747 1-1.
1719 1708 1843 1765 1³9¹&
1857 1712 2024 1760 pugnat

240 1771 445 1813 adversus
464 1767 711 1814 Eumenem.
754 1775 820 1814 12.
834 1773 904 1817 Ne
921 1772 1120 1814 tradatur
1133 1772 1359 1824 Romanis,
1373 1763 1538 1815 veneno
1553 1764 1705 1818 hausto
1723 1774 2024 1817 morimavult.

245 1841 312 1882 132
340 1839 447 1893 Ejus
466 1839 686 1881 literarum
707 1851 838 1881 amor.

190 2181 273 2255 H
277 2215 520 2258 ANNIBA
529 2207 609 2266 ιβ
628 2198 969 2256 Hamilcaris
987 2201 1155 2267 filius,
1176 2201 1688 2270 CarthaginiensiS.³
1745 2203 1807 2256 Si
1831 2220 2025 2258 verum

189 2290 319 2351 estf«
377 2287 531 2356 quod
579 2304 740 2340 nemo
786 2280 1023 2352 dubitat,
1083 2292 1143 2339 ut
1188 2288 1432 2356 populus
1480 2287 1774 2354 Romanus
1823 2305 2022 2344 omnes

192 2377 376 2438 gentes
438 2371 643 2424 virtute
705 2374 999 2440 superarit,
1046 2388 1154 2422 non
1216 2375 1318 2440 est⁴
1372 2371 1751 2438 inficiandum,
1803 2373 2025 2427 Hanni*

190 2455 371 2507 balem
409 2455 648 2523 [tantop
681 2457 1012 2524 praestitisse
1053 2459 1265 2508 ceteros
1299 2454 1659 2523 imperatores
1692 2457 2027 2526 prudentia,a

191 2544 395 2608 quanto
438 2541 681 2609 populus
726 2539 1016 2592 Romanus
1061 2537 1375 2592 antecedat⁶
1422 2539 1741 2594 fortitudine
1793 2547 2025 2598 cunctas

956 2662 979 2677 O

179 2732 189 2739 '
248 2729 276 2771 1-
302 2729 546 2770 Hannibalis
577 2730 662 2770 vita
690 2728 770 2770 Ed.
799 2729 920 2771 Jens.
955 2728 1077 2769 Med.
1105 2727 1211 2781 Arg.
1258 2727 1467 2769 Annibalis
1492 2730 1578 2771 vita
1609 2730 1690 2771 Ed.
1721 2730 1821 2772 Par.
1842 2730 2026 2774 Ald.-2

182 2782 368 2823 ¹Annibal
398 2784 479 2824 Ed.
511 2784 614 2823 Par.
646 2782 750 2823 Ald.
779 2783 952 2836 ubique.
1010 2783 1167 2823 Statim
1196 2783 1388 2823 Amilcar.
1434 2783 1514 2824 Ed.
1540 2784 1662 2826 JenS.
1689 2785 1812 2826 Med.
1839 2785 2026 2838 ubique:

195 2836 258 2888 [v.
277 2837 374 2876 VV.
397 2838 484 2877 LL.
513 2838 565 2876 ad
589 2837 776 2877 Hamilc.
800 2837 938 2887 1.]-3
969 2837 1207 2884 carthagin.
1223 2837 1375 2876 aberat
1395 2849 1419 2875 a
1434 2838 1517 2877 Ms.
1538 2837 1664 2878 Leid.
1684 2841 1809 2878 2.-4
1823 2837 1873 2878 Si
1891 2851 2025 2880 uerum

194 2893 234 2929 et
250 2891 348 2941 quod
365 2900 473 2931 nmo
493 2890 576 2930 Ms.
594 2889 742 2930 Boecl.
759 2890 796 2930 εἰ
813 2903 959 2940 verum,
973 2893 1071 2942 quod
1088 2902 1196 2929 nemo
1208 2891 1294 2930 Ms.
1311 2890 1433 2930 Voss.
1451 2894 1572 2930 2.-5
1591 2892 1715 2931 Tanto
1728 2891 1879 2933 aberat
1896 2905 1922 2932 a
1940 2895 2026 2933 Ms.

195 2942 345 2983 Boecl.
380 2943 502 2982 Voss.
523 2947 564 2982 2.
609 2942 690 2984 Ed.
723 2943 824 2983 Par.
845 2941 946 2983 Ald.
992 2943 1079 2983 Sed
1098 2951 1193 2982 erat
1226 2944 1267 2981 iu
1297 2943 1380 2983 Ms.
1412 2943 1534 2984 Leid.
1554 2947 1596 2985 2.
1624 2945 1748 2986 Voss.
1769 2949 1807 2986 1.
1825 2949 1865 2986 3.
1910 2947 2027 2988 Unci

194 2995 431 3047 [adduntur
450 2997 492 3035 in
516 2995 719 3036 lid-Bos.
738 3000 776 3036 2.
805 2996 923 3036 δῖαν.
969 2996 1075 3049 Sed]
1103 2996 1257 3037 absunt
1284 2997 1337 3035 ab
1365 2996 1449 3038 Ed.
1474 2997 1597 3039 Jcns.
1625 2998 1745 3039 Med.
1764 2998 1868 3050 Arg.
1889 2999 2024 3051 Long.

196 3050 316 3102 Mag.
334 3049 484 3101 steph.
502 3048 642 3089 Gebh.
662 3049 810 3090 Boecl.
827 3049 996 3090 Keuch.
1015 3050 1114 3090 Bos.
1136 3053 1174 3089 1.
1205 3050 1339 3090 Heus.
1369 3051 1524 3091 Patav.
1543 3052 1609 3104 [et
1627 3051 1719 3093 rell.
1741 3052 2026 3103 recentt.]-6

194 3102 267 3144 Sic
289 3104 420 3143 etiam
438 3103 523 3144 Me.
542 3103 666 3144 Leid.
683 3107 724 3144 2.
752 3104 877 3144 Voss.
893 3107 930 3144 1.
950 3106 990 3143 2.
1011 3106 1051 3143 3.
1093 3103 1180 3144 Sed
1199 3103 1446 3144 antecedebat
1466 3104 1546 3145 Ed.
1560 3106 1694 3157 Long.
1712 3105 1864 3157 Steph.
1881 3105 2024 3146 Gebh.

1155 2661 1253 2676 Μ

1022 3226 1198 3267 NOTAE

250 3322 271 3348 ⁸
297 3317 562 3358 Hannibalem
582 3316 733 3371 [tanto]
768 3319 998 3371 proeaitiese
1016 3332 1075 3360 ce·
1143 3331 1212 3359 mo
1232 3331 1314 3359 non
1345 3318 1577 3371 intelligit;
1605 3330 1848 3372 quanquam
1881 3323 2025 3361 tamen

186 3385 299 3440 ,teron
328 3382 579 3435 imperatores
609 3382 837 3435 prudentia]
881 3383 1075 3423 Prudeu-
1144 3396 1170 3422 a
1188 3382 1389 3436 Scipione
1417 3383 1460 3423 iu
1479 3383 1611 3435 ipsius
1630 3383 1898 3436 Carthaginis
1923 3397 2027 3426 con-

196 3446 404 3488 ticuimum
444 3447 616 3500 quidem
663 3454 709 3486 et
757 3446 1075 3497 sagacissimum
1143 3451 1296 3499 spectu
1337 3451 1564 3498 superatus
1600 3452 1681 3487 est.
1751 3446 1863 3488 Vide
1908 3448 2025 3500 apud

195 3507 330 3551 fuisse
352 3512 515 3565 exejus
534 3511 697 3552 bellicis
724 3509 986 3553 facinoribus
1003 3523 1076 3552 ne·
1145 3510 1385 3553 Lucianum
1429 3511 1474 3552 in
1519 3512 1713 3565 Dialogis
1756 3517 2023 3554 mortuorum

305 3578 448 3631 Detpta.
462 3583 501 3620 et
525 3568 622 3620 ναν.
634 3579 741 3620 ctas.
1068 3578 1176 3631 Nep.
1789 3596 1795 3605 ·
1875 3580 1915 3619 υ
