2346 3886
732 259 812 297 DE
852 258 1170 298 CORNELIO
1213 258 1477 298 NEPOTE.
1942 248 2021 302 43

184 379 455 449 elegantia
474 379 602 448 styli
627 381 817 447 potius
841 380 1014 444 ducti,
1039 397 1205 449 quam
1229 383 1384 432 certa
1407 378 1622 432 ratione
1642 395 1656 445 ;
1683 378 1872 447 dispar
1897 384 2015 449 sty-

182 467 268 519 lus
292 469 397 529 est,
421 469 477 517 et
499 464 783 516 dissimilis
819 466 1031 531 genius,
1071 470 1142 528 et,
1186 466 1234 516 si
1261 464 1395 532 quid
1421 465 1476 515 in
1501 480 1586 515 me
1602 462 1820 531 judicii,
1846 462 2011 518 Corn.

182 548 383 619 Nepos
409 549 504 601 illo
530 550 836 618 interprete,
874 555 936 601 ut
976 550 1154 612 annis,
1196 550 1277 600 sic
1318 551 1491 601 nitore
1536 548 1824 610 sermoniS,
1852 548 2015 615 longe

184 637 464 705 superior3
500 636 668 704 quod,
691 637 910 689 collatis
936 638 1226 704 utriusque
1252 637 1498 705 scriptiS,
1535 635 1696 688 facile
1721 639 1910 704 potest
1921 635 2013 704 ju-

184 720 372 773 dicari.
446 720 537 772 De
577 720 682 772 hoc
725 727 952 773 auctore
978 721 1056 773 ita
1081 721 1214 773 mihi
1234 722 1414 773 visum
1439 726 1545 785 est,
1575 721 1733 774 salvo
1752 725 1866 784 tuo,
1892 735 2014 772 eru-

184 805 300 858 dite
317 805 508 870 lector,
526 806 756 875 judicio.
1977 801 1987 811 '

725 972 977 1027 ANDR.
1017 973 1456 1037 SCHOTTUS,

186 1114 252 1154 lN
295 1114 386 1154 ΕΡ.
425 1115 510 1154 An
553 1115 727 1155 LEc‘r.
766 1115 951 1154 N0T1s
991 1115 1058 1154 IN
1103 1116 1337 1154 FRAGM.
1371 1113 1638 1154 NEPo'ris
1680 1105 2014 1153 SUBJECTA.‘

253 1226 423 1292 Quod
448 1230 768 1281 auctoribus
792 1245 902 1281 non
937 1230 1135 1298 paucis
1173 1228 1454 1282 accidisse
1478 1226 1720 1290 memini,
1751 1231 1815 1278 ut
1842 1227 2016 1281 multa

183 1313 380 1379 ingenii
404 1318 772 1378 monumenta,
809 1314 897 1366 vel
919 1314 1060 1382 ipsis
1086 1315 1276 1367 ablata
1301 1315 1454 1366 alteri
1486 1313 1630 1365 falso
1656 1313 2014 1365 attribueren-

183 1400 293 1460 tut,
317 1396 406 1449 vel
429 1397 608 1449 aliena
631 1398 774 1466 ipsis
807 1398 1228 1466 subjicerentur,
1252 1399 1439 1466 quoin
1464 1397 1667 1463 vulgus
1691 1397 1839 1449 tituli
1863 1398 2015 1450 leno-

181 1481 328 1534 cinio
350 1483 526 1548 magis
551 1484 928 1550 probarentur,
969 1491 1027 1536 et
1065 1489 1326 1552 tanquam
1355 1499 1391 1535 a
1425 1482 1699 1534 matribus
1729 1482 2014 1550 suppositi

176 1565 402 1635 filiipro
425 1567 569 1619 veris
593 1568 1028 1632 obtruderentur,
1053 1568 1196 1621 idem
1223 1565 1415 1637 Nepoti
1432 1573 1626 1620 nostro
1648 1584 1754 1619 usu
1778 1569 2012 1632 venisse,

181 1650 366 1704 didici.
439 1651 670 1704 Librum
720 1654 862 1705 enim
914 1656 931 1680 ‘
953 1654 1021 1705 de
1054 1654 1192 1707 Vita
1236 1659 1292 1706 et
1336 1653 1591 1706 Moribus
1630 1653 2013 1705 excellentium

180 1733 418 1789 Graeciae
443 1737 852 1805 imperatorum'
877 1738 949 1790 ad
970 1738 1038 1791 T.
1058 1738 1434 1807 Pomponium
1459 1735 1710 1790 Atticum
1737 1737 2014 1805 sequioris

181 1821 366 1874 aetatis
388 1823 605 1875 auctori
631 1823 862 1876 AEmilio
902 1823 1089 1877 Probo
1128 1825 1458 1893 attribuunt:
1498 1839 1533 1875 a
1571 1839 1682 1891 quo
1710 1822 1902 1891 stylus,
1929 1823 2015 1876 di-

178 1905 448 1974 cendique
472 1907 696 1974 elegans
733 1908 1040 1972 character,
1073 1907 1249 1962 Attici
1276 1913 1432 1972 aetaS,
1472 1909 1762 1976 multaque
1798 1906 2014 1976 abjudi-

178 1995 321 2054 cant.
396 1992 732 2061 Scriptorem
779 2000 968 2047 contra
1012 1995 1116 2047 ‘de
1158 1995 1314 2048 Viris
1357 1994 1664 2046 illustribus
1703 1992 1854 2044 urbis
1894 1992 2014 2045 Ro·-

175 2074 322 2138 mae,’
357 2077 452 2145 qui
471 2093 506 2129 a
526 2078 714 2132 Proca
736 2079 807 2132 ad
835 2078 937 2132 Cn.
965 2079 1293 2148 Pompeium
1320 2096 1518 2148 usque,
1547 2079 2011 2146 septingentorum

178 2175 443 2214 annorum
461 2165 797 2231 memoriam,
815 2183 1014 2234 resque
1039 2171 1224 2233 gestas
1246 2167 1488 2219 virorum
1513 2164 1664 2216 domi
1682 2163 2011 2231 militiaeque

175 2244 472 2300 illustrium
496 2250 732 2303 breviter
754 2252 1056 2320 colligavit,
1085 2251 1272 2304 Plinio
1301 2251 1499 2303 minori
1522 2249 1644 2320 (cui
1672 2247 1852 2301 Aldus
1881 2247 2011 2300 Ma·

175 2331 364 2384 nutius
407 2334 766 2404 ascripserat)
829 2338 1096 2401 ablatum,
1149 2336 1360 2404 Nepoti
1407 2335 1667 2388 Cornelio
1715 2334 2010 2386 multorum

174 2415 422 2483 ingratiis
462 2419 872 2487 inscripserunt,
912 2426 966 2473 et
1002 2437 1076 2474 ex
1114 2420 1350 2475 Caecilia
1386 2424 1547 2489 gente
1586 2421 1640 2472 in
1681 2420 2013 2483 Corneliam,

174 2501 393 2555 obtorto
413 2503 580 2566 collo,
617 2503 746 2556 Itali
777 2504 997 2572 quidam
1028 2521 1303 2580 censoreS,
1333 2506 1676 2558 Hermolaus
1704 2506 2011 2568 Barba-rim,

175 2584 359 2639 Ianus
387 2588 740 2649 Parrhasius.
764 2589 1106 2643 Catellianus
1132 2590 1320 2653 Cotta,
1347 2597 1402 2643 et
1430 2591 1755 2644 Dominicus
1779 2589 2012 2642 Macha-

163 2685 331 2736 rmuffi
365 2673 572 2741 aliique
604 2675 986 2728 traduxerunt.
1061 2676 1172 2730 Sed
1212 2676 1459 2728 neutrius
1501 2676 1632 2728 mihi
1682 2676 1874 2738 videri,
1912 2674 2011 2728 ad·

174 2755 747 2817 nodumadolescens
771 2760 934 2813 docui
961 2762 1224 2829 singulari
1252 2778 1449 2815 comm.
1475 2763 1530 2814 in
1554 2778 1682 2814 eum
1705 2767 2009 2825 auctorem,

175 2840 361 2894 Duaci
395 2850 454 2895 et
492 2843 730 2897 Lutetiae
752 2845 936 2912 edit03
962 2853 1018 2899 et
1041 2862 1113 2899 ex
1141 2852 1379 2900 veterum
1414 2847 1534 2899 libr.
1569 2847 1677 2899 fide
1710 2847 2012 2900 rationum-

174 2941 283 2995 que
326 2930 614 2982 momentis
655 2927 771 2982 Sex.
798 2929 1020 2984 Aurelio
1065 2929 1260 2984 Victori
1286 2933 1415 3001 jure
1462 2932 1785 3000 postliminii
1829 2930 2013 2984 reddi·

174 3011 393 3066 dimus:
433 3014 595 3082 cujus
629 3021 683 3068 et
707 3017 992 3069 historiam
1020 3015 1335 3086 Augustam
1363 3025 1490 3071 ante
1531 3034 1618 3069 me
1655 3024 1844 3070 natum
1879 3011 2011 3070 nusss

171 3113 362 3167 (pun,
405 3099 552 3167 quod
601 3102 861 3170 equidem
905 3102 1104 3165 sciam,
1146 3106 1301 3173 typis
1339 3104 1643 3170 vulgatam,
1689 3102 2009 3170 Antverpiae

171 3183 335 3253 mimi
358 3185 648 3239 edidimus.
723 3186 934 3252 Quare,
968 3195 1032 3241 ut
1069 3188 1167 3240 illa
1198 3188 1429 3241 AEmilio
1455 3188 1736 3255 adscripta
1765 3186 1820 3239 N
1825 3186 2011 3254 epotis

171 3283 295 3323 ense
318 3270 495 3340 γνήσια
531 3274 844 3340 pronuntio,
888 3274 965 3326 ita
1002 3273 1173 3326 Viros
1217 3274 1461 3325 illustres
1502 3273 1682 3326 eidem
1728 3270 2008 3340 abjudioo.

173 3351 285 3409 8011
307 3363 436 3410 sunt
456 3364 511 3410 et
536 3358 648 3410 alia
681 3359 891 3427 spuria,
922 3365 981 3413 et
1013 3359 1272 3413 Cornelio
1301 3359 1540 3426 indigna.
1623 3355 1835 3409 Daretis
1859 3356 2009 3411 enin

174 3434 407 3512 Phygli
429 3443 806 3499 circumfertur
824 3443 886 3499 de
901 3443 1032 3499 bello
1062 3443 1319 3517 Trqjano,
1333 3445 1428 3499 cui
1450 3441 1768 3498 interfuisse
1791 3440 2008 3508 dieitur,
