2326 3860
304 240 412 296 248
881 296 885 299 ⁴
914 260 1211 300 coitura-Lu
1252 259 1514 301 umoris
1572 274 1574 277 ·

304 380 454 431 esset
478 378 733 446 Spartae:
768 378 932 447 cujus
968 379 1281 447 exemplum
1306 380 1520 434 utinam
1544 381 1904 450 imperatores
1923 385 2124 437 nostri?

303 462 464 536 sequi
502 462 844 516 voluissent!
882 463 993 515 Sed
1017 463 1148 515 illuc
1167 463 1488 518 redeamus,
1561 463 1856 534 Agesilaus
1876 468 2125 536 ‘opulen-

303 546 520 597 tissimo
545 561 710 611 regno
736 547 1046 614 praeposuit
1068 548 1270 598 bonam
1293 549 1791 616 existimationem3
1837 551 2125 619 multoque

303 629 604 697 gloriosius
652 629 832 692 duxit,
879 631 937 684 si,
970 630 1233 684 institutis
1279 634 1483 699 patriaes
1525 636 1816 700 paruisset,
1863 650 2028 702 quam
2073 634 2124 687 si

300 713 447 765 bello
482 718 821 781 superasset
843 712 1058 768 Asiam.
1135 714 1266 769 Hac
1283 739 1287 744 ·
1305 716 1466 783 igitur
1490 723 1669 770 mente
1693 717 2123 786 Hellespontum

224 806 226 808 ’
301 799 499 866 copias
539 799 774 867 trajecit,
815 804 1083 867 tantaque
1107 815 1245 851 usus
1271 806 1358 852 est
1395 802 1708 865 celeritate‚⁸
1747 809 1824 864 ut,
1850 802 1999 870 quod
2022 803 2124 869 iter

303 881 532 935 Xerxes
573 897 716 934 anno
760 886 1018 934 vertenteq
1067 882 1419 947 confecerat‚³
1462 886 1551 938 hic
1586 886 1856 938 transierit
1900 885 2123 953 triginta

291 966 517 1018 diebus.
592 964 733 1019 Cum
750 966 871 1034 jam
895 966 1042 1019 haud
1069 967 1163 1020 ‘ita
1199 968 1381 1035 longe⁹
1421 971 1637 1022 abesset
1659 985 1693 1021 a
1719 969 2144 1037 Peloponneso,¹

299 1050 570 1102 obsistere
592 1050 646 1101 ei
670 1051 854 1103 conati
892 1054 1019 1103 sunt
1057 1050 1426 1105 Athenienses
1466 1059 1520 1107 et
1553 1053 1827 1115 Boeotii‚¹⁰
1850 1053 2123 1123 ceterique

295 1150 484 1186 eorum
509 1135 693 1199 socii,r
732 1134 887 1203 apud
930 1134 1240 1188 Coroneam
1260 1142 1293 1188 :⁸
1330 1154 1470 1205 quos
1513 1152 1701 1190 omnes
1737 1136 1890 1203 gravi
1926 1137 2122 1204 praelio

293 1218 447 1271 vicit.
521 1218 709 1288 Hujus
754 1219 1001 1272 victoriae
1045 1221 1136 1272 vel
1176 1222 1433 1274 maxima
1465 1221 1573 1274 fuit
1610 1221 1754 1283 lauS,
1799 1220 1950 1288 quod
1993 1237 2130 1275 cum*

295 1302 546 1370 plerique
578 1318 651 1353 ex
680 1301 830 1370 fuga·
856 1319 918 1354 se
957 1305 1012 1356 in
1051 1304 1315 1372 templum
1359 1305 1649 1359 Minervae‘
1686 1305 2117 1373 conjecissent}¹

296 1390 739 1455 quaerereturque
768 1388 853 1439 'ab
894 1404 983 1448 e0,
1022 1388 1152 1456 quid
1194 1388 1282 1440 his
1323 1388 1440 1441 fieri
1483 1389 1651 1442 vellet
1670 1394 1732 1454 ;η
1771 1389 1876 1441 etsi
1907 1389 2122 1456 aliquot

293 1461 536 1524 vulnera„
549 1476 841 1540 acceperat
863 1488 929 1524 eo
954 1473 1169 1540 praelio,
1207 1479 1265 1525 et
1303 1474 1481 1526 iratus
1519 1474 1809 1527 videbatur
1845 1474 2119 1538 omnibus,

293 1556 388 1625 qui
408 1555 672 1609 adversus
689 1572 841 1610 arma
854 1557 1118 1622 tulerant3
1157 1562 1338 1611 tamen
1355 1560 1607 1611 antetulit
1618 1559 1757 1611 irae¹³
1779 1559 2120 1625 religionem,

292 1646 347 1692 et
369 1648 466 1693 eos
489 1642 668 1694 vetuit
707 1641 916 1694 violari.
994 1642 1196 1710 Neque
1231 1649 1409 1696 vero¹4
1450 1643 1558 1694 hoc
1599 1642 1779 1694 solum
1807 1642 1866 1693 in
1893 1641 2120 1695 Graecia

293 1724 446 1789 fecit,
481 1731 545 1777 ut
584 1727 791 1795 templa
831 1727 1078 1779 Deorum
1122 1731 1314 1779 sancta
1344 1726 1596 1792 haberet3
1637 1725 1738 1778 sed
1773 1725 1942 1778 etiarn
1967 1724 2118 1797 apud

292 1809 559 1862 barbaros
601 1826 816 1862 summa
850 1811 1113 1875 religione
1154 1811 1336 1862 omnia
1375 1810 1676 1862 simulacra
1701 1825 1936 1876 arasque
1982 1825 2113 1861 con-

290 1894 544 1947 servavit.
617 1894 815 1962 Itaque
853 1893 1213 1961 praedicabat,
1250 1894 1434 1946 mirari
1481 1909 1561 1957 se,
1585 1908 1697 1945 non
1729 1888 2116 1960 sacrilegorum

289 1993 510 2031 numero
546 1978 755 2041 haberi,
782 1977 879 2046 qui
903 1977 1248 2046 supplicibus
1275 1993 1465 2029 eorum
1490 1975 1841 2042 nocuissent;
1880 1979 1976 2029 aut
1999 1990 2113 2028 non

625 2138 649 2167 e
681 2130 752 2184 Ut,
767 2142 882 2184 quam
897 2129 1002 2171 viam
1015 2131 1109 2172 anni
1121 2130 1250 2182 spatio
1270 2131 1426 2172 Xerxes
1440 2129 1768 2180 eruemusfuerat.

287 2309 399 2350 celer.
417 2321 509 2350 usus
523 2313 581 2349 est
599 2309 685 2350 Ms.
708 2307 791 2349 Ax.
843 2309 981 2350 Paulo
1008 2314 1108 2350 ante
1134 2310 1271 2350 Asiam
1289 2321 1418 2361 super.
1436 2309 1518 2350 Ed.
1534 2307 1682 2349 Lamb.
1685 2311 1766 2348 —9
1792 2307 1864 2348 Ita
1890 2306 1978 2347 Ms.
1997 2305 2113 2349 Dan.

286 2362 413 2403 Leid.
435 2366 473 2402 1.
503 2363 652 2404 Boecl.
680 2362 781 2414 [Ed.
801 2363 903 2403 Bos.
932 2368 979 2403 et
997 2375 1042 2404 se
1117 2363 1250 2416 JSed
1267 2363 1326 2403 ita
1353 2368 1424 2403 aut
1442 2364 1554 2413 longe
1582 2363 1667 2402 Ms.
1685 2362 1809 2402 Voss.
1831 2365 1871 2402 2.
1904 2358 1990 2400 Ax.
2009 2360 2114 2400 haud

285 2417 398 2466 longe
412 2415 494 2456 Ed.
510 2416 630 2456 Jens.
651 2416 773 2456 Med.
795 2415 902 2468 Arg.
921 2416 1025 2457 Par.
1045 2363 1148 2457 λαιά.
1164 2418 1308 2468 Long.
1328 2417 1447 2466 Mag.
1468 2416 1618 2468 Steph.
1635 2415 1782 2456 Lamb.
1802 2413 1943 2454 Gebh.
1961 2412 2112 2454 Boecl.

287 2469 456 2510 Kench.
459 2472 565 2508 ·—1o
593 2469 732 2510 Βοέιὶὶ
758 2470 843 2510 Ms.
861 2471 987 2511 Voss.
1008 2474 1047 2510 1.
1067 2474 1110 2510 2.
1140 2470 1221 2510 Ed.
1241 2471 1362 2512 JenS.
1382 2469 1503 2510 Med.
1523 2468 1617 2520 Arg
1620 2471 1739 2509 .—11
1772 2467 2006 2517 conjecisset
2025 2465 2112 2507 Ms.

287 2522 356 2562 Ax
362 2524 481 2563 .-·-ἱ2
515 2522 637 2562 Vellet
638 2522 740 2575 fieri.
757 2523 843 2563 Ms.
862 2523 984 2563 Leid.
1005 2527 1153 2564 2.-13
1183 2524 1252 2563 Ire
1271 2523 1352 2564 Ed.
1371 2523 1493 2564 Jens.
1514 2522 1633 2562 Med.
1649 2520 1755 2574 Arg.
1757 2524 1864 2561 —14
1892 2521 1963 2561 Ita
1978 2519 2111 2560 etim

287 2576 376 2615 Ms.
407 2575 532 2615 vose.
554 2578 593 2615 1.
615 2579 656 2615 2.
685 2575 770 2616 Ax.
799 2576 921 2616 Leid.
951 2580 993 2617 2.
1039 2576 1140 2629 [Ed.
1161 2576 1264 2617 Bos.
1286 2583 1331 2617 et
1349 2576 1464 2629 sqq.]
1505 2575 1590 2616 Sed
1609 2572 1658 2615 τὸ
1674 2587 1764 2615 vero
1794 2573 1920 2614 abest
1946 2572 2002 2614 ab
2030 2573 2111 2613 Ed.

285 2629 407 2670 Jens.
428 2628 548 2669 Med.
575 2626 683 2682 Arg.
705 2629 807 2671 Par.
828 2629 929 2671 Ald.
954 2631 1088 2684 Long.
1107 2631 1229 2684 Mag.
1253 2630 1400 2671 Lamb.
1422 2630 1573 2682 Steph.
1600 2628 1739 2670 Gebh.
1767 2627 1931 2668 Kench.
1954 2626 2110 2667 Patav.

1110 2763 1287 2806 NOTAE

284 2869 371 2916 len,
404 2881 490 2922 qua
522 2880 694 2921 semper
723 2869 767 2909 in
796 2869 1049 2910 revocandis
1078 2869 1164 2910 suis
1232 2869 1340 2910 Cum
1357 2867 1555 2909 nimirum
1583 2866 1742 2908 bellum
1761 2864 1946 2906 Graecioe
1965 2862 2111 2904 intulit

283 2930 465 2977 ducibus
483 2931 716 2972 utebantur
734 2930 1067 2981 Lacedaemonii,
1082 2938 1165 2972 tes·
1232 2933 1414 2984 stipatus
1429 2930 1571 2971 decies
1587 2930 1747 2983 septies
1761 2927 1955 2969 centenis
1975 2938 2110 2967 arma-

284 2995 341 3036 tis
368 2993 651 3045 est·Xenoph.
669 2994 742 3035 lib.
762 3006 824 3035 ιν.
851 2997 890 3035 4.
946 2994 1084 3035 Porro
1111 2995 1164 3035 de
1231 2999 1372 3035 torum
1393 2993 1591 3034 millibus.

281 3057 466 3109 scytale,
481 3056 580 3097 vide
598 3068 726 3109 supra
741 3057 783 3096 in
802 3056 1025 3097 Pausania.
1283 3062 1300 3083 ¹¹
1329 3057 1534 3108 Cetei-ique
1552 3067 1681 3095 eorum
1697 3053 1809 3105 socii]
1836 3053 2006 3094 Scilicet
2021 3054 2107 3094 Eu·

337 3127 358 3154 Ρ
391 3120 514 3170 Cujus
557 3121 773 3171 exemplum
803 3121 955 3160 utinam
987 3121 1161 3172 Impera·
1227 3118 1440 3169 lunenses,
1460 3117 1604 3168 Locri,
1637 3117 1800 3169 Argivi,
1818 3115 2043 3166 Corinthii,
2061 3120 2108 3155 et

282 3189 384 3223 tores
401 3181 545 3234 nostri]
575 3182 684 3222 Haec
704 3182 747 3221 in
766 3181 927 3224 Julium
947 3181 1161 3239 Caesarem
1228 3181 1401 3234 quidam
1417 3180 1506 3232 alii,
1520 3185 1569 3221 ut
1579 3180 1776 3232 Xenoph.
1794 3178 1927 3219 refert
1941 3178 1996 3219 de
2013 3177 2105 3219 reb.

282 3246 370 3285 (ilci
390 3244 605 3295 videntur,
624 3244 709 3297 qui,
726 3244 861 3284 invito
881 3245 1012 3285 etiam
1031 3246 1161 3286 Sena·
1227 3243 1371 3284 Graec.
1388 3242 1463 3283 lib.
1484 3253 1549 3282 iv.

281 3312 345 3358 tu,
379 3307 616 3347 exercitum
646 3306 840 3356 retinuit,
868 3318 950 3348 nec
980 3307 1160 3348 Romam
1279 3313 1294 3333 ·
1319 3306 1439 3359 Apud
1458 3304 1692 3357 Coroneam]
1725 3303 1906 3344 Boeotiae
1938 3302 2102 3344 urbem.

282 3367 411 3409 'armis
429 3368 576 3420 positis
595 3368 737 3409 redire
756 3369 905 3411 voluit.
1282 3372 1296 3397 ¹
1319 3371 1368 3411 In
1380 3371 1563 3422 templum
1575 3368 1790 3420 Minerva]
1807 3367 2102 3419 Cognomemo

283 3443 285 3448 ¹
335 3439 354 3466 ἱ
390 3432 443 3470 Ut
459 3432 557 3483 quod
576 3431 654 3471 iter
675 3431 723 3471 X
720 3442 834 3471 ermes
851 3444 951 3472 anno
969 3433 1161 3486 umente]
1223 3434 1396 3487 Itoniae,
1413 3439 1527 3475 teste
1546 3430 1759 3473 Pausania
1778 3430 1822 3471 in
1839 3429 2073 3471 Laconicis.
