2326 3860
314 337 499 378 Thomas
529 336 744 389 Magister
776 337 821 377 in
848 338 939 379 vita
970 338 1204 392 Euripidis.

309 401 474 443 -Tradit
504 394 705 442 Laertius
735 402 781 441 in
819 400 1095 454 Anaxagora,
1132 403 1208 452 τὴν

310 464 458 518 Ξέρξου
470 464 652 511 διάβασιν
663 465 810 505 εἴκοσιν
821 465 918 505 ἑτῶν
925 463 1034 518 εἶναι,
1043 466 1206 519 quippe

319 529 392 581 qui
405 533 532 569 natus
549 529 728 581 Olymp.
751 539 982 571 nxxmnno
1003 533 1041 571 1.
1069 531 1208 572 Meur-

313 592 410 632 aius.
441 591 650 645 Polybius
681 593 744 632 ait
771 592 847 634 lib.
877 604 948 633 111.
973 591 1107 635 fuisse
1136 605 1205 633 an-

315 664 416 696 num
439 667 609 698 xxvm.
631 669 655 696 a
674 656 825 709 primis
846 657 994 697 Romae
1014 656 1209 697 Consuli-

315 718 409 759 bus.
464 718 681 759 Diodorus
723 718 769 759 in
806 720 1085 760 Consulatum
1129 721 1206 773 Sp.

308 781 455 823 -Cassii
474 794 527 824 11.
556 789 603 824 et
631 784 780 824 Procli
799 783 987 835 Virginii
1016 785 1210 838 conjicit,

308 846 391 898 -qui
411 858 546 887 annus
581 847 712 888 Urbis
745 858 950 888 ccnxvu.
978 849 1207 901 Dionysius

317 909 429 950 citat
467 911 586 951 Kaes.
617 911 893 963 Fabium,.et
924 912 999 963 Sp.
1034 912 1208 952 Furium

302 973 438 1015 Coss.
461 975 632 1027 Nempe
647 975 792 1015 Romae
808 975 995 1016 conditae
1008 987 1206 1016 ccnxxu.

321 1035 410 1077 Adi
460 1037 646 1079 Casaub.
677 1038 732 1078 ad
764 1036 1009 1090 Polybium.
1048 1039 1207 1092 Scalig.

311 1099 371 1140 ⁴de
393 1100 576 1142 Emend.
596 1102 858 1154 Temporum
876 1102 955 1143 lib.
974 1115 1018 1144 v.

371 1165 532 1205 Bellum
567 1165 759 1206 universae
803 1165 973 1216 inferret
1015 1167 1207 1220 Europa]

311 1226 448 1270 Quod
469 1228 806 1281 quinquennium
837 1230 1058 1271 instruxit.
1089 1230 1207 1272 Just.

311 1302 372 1334 n.
418 1293 603 1333 Variant
645 1298 808 1346 tamen,
844 1300 889 1336 et
917 1302 1008 1336 tres
1038 1301 1207 1336 tantum

317 1367 450 1396 annos
463 1355 506 1395 in
522 1356 660 1397 isthoc
677 1364 891 1409 apparatu
908 1358 1090 1398 Xerxen
1107 1371 1207 1399 con-

320 1419 568 1472 sumpsisse,
587 1420 726 1473 inquit
747 1421 981 1462 Diodorus.
1009 1422 1208 1464 Julianus

319 1494 422 1523 vero
447 1483 469 1523 ὃ
487 1481 734 1535 παραβάτης,
755 1490 865 1524 orat.
889 1485 1023 1537 priori
1045 1485 1100 1526 de
1121 1488 1208 1527 lau-

314 1545 446 1586 dibus
481 1547 740 1599 Constantii,
771 1548 941 1600 inquit3
967 1547 1039 1588 τὸν
1067 1547 1209 1602 Ξέρξην

308 1610 462 1662 χρόνον
493 1613 590 1653 ἐτῶν
609 1613 679 1654 οὐκ
698 1611 1011 1672 ἐλάσσοναῖδέκα
1027 1613 1122 1668 πρὸς
1139 1615 1211 1656 τὸν

320 1674 496 1725 πόλεμον
514 1676 660 1719 ἐκεῖνον
674 1677 1050 1731 παρασκευάζεσθαι.
1082 1681 1209 1723 Quod

306 1750 412 1779 ‘esse
441 1752 525 1780 non
547 1747 707 1792 potest,
728 1754 826 1782 cum
856 1748 977 1784 sexto
997 1756 1128 1795 anno,
1155 1756 1210 1784 ex

321 1816 404 1856 quo
435 1816 614 1858 regnum
647 1806 832 1858 adeptus
860 1813 944 1860 est,
971 1807 1132 1848 bellum
1164 1808 1208 1849 in

319 1867 497 1909 Graecos
518 1870 700 1910 moverit
719 1870 903 1910 Xerxes.
950 1871 1124 1911 Vossius.

378 1933 479 1972 Cum
511 1933 637 1972 tantis
662 1945 746 1972 eum
771 1934 893 1985 copiis
921 1933 1088 1985 invasit]
1120 1933 1208 1974 Ad-

317 1994 428 2035 dunt
461 1995 535 2036 alii
565 1996 680 2044 libri,
729 2002 896 2048 quantas
938 2010 1060 2050 neque
1091 2003 1210 2038 antea

318 2069 439 2109 neque
456 2063 590 2110 postea
609 2059 744 2100 habuit
763 2061 981 2113 quisquam.
1033 2061 1208 2102 Curtius

306 2121 393 2162 lib.
415 2134 476 2162 lv,
498 2126 540 2163 1.
557 2123 569 2144 ‘
591 2122 758 2164 Rursus
781 2137 856 2164 rex
873 2126 1044 2166 Xerxes
1067 2126 1208 2177 gentis

308 2185 516 2236 -ejusdem
538 2186 590 2225 ad
613 2188 927 2240 oppugnandos
945 2201 1042 2229 cum
1063 2188 1209 2229 imma-

306 2249 435 2289 nium
454 2249 733 2290 barbarorum
749 2253 885 2304 copiis
907 2251 1058 2293 venit.'
1083 2253 1209 2295 Gebh.

317 2313 390 2353 De
412 2314 566 2367 quibus
594 2327 679 2355 non
706 2316 908 2356 convenit
928 2316 1043 2356 inter
1061 2317 1209 2358 Histo-

314 2377 444 2418 ricos.
500 2378 611 2418 Vide
647 2379 811 2420 Herod.
831 2391 918 2419 vn.
947 2380 1137 2420 Ctesiam
1166 2380 1209 2420 in

305 2439 488 2480 Persic.
513 2441 627 2481 Plin.
650 2451 829 2483 xxxnr.
850 2446 917 2482 10.
938 2441 1067 2482 Diod.
1088 2442 1210 2483 Sicu-

318 2502 403 2543 lum
419 2514 471 2544 11.
482 2503 721 2545 Isocratem
732 2506 915 2547 Panath.
928 2506 1208 2547 Plutarchum

308 2567 483 2609 *Paralh
515 2568 676 2610 Justin.
710 2580 761 2609 11.
806 2570 1032 2612 Quomodo
1065 2577 1207 2612 autem

308 2630 560 2671 ‚exercitum
589 2632 758 2672 Xerxes
788 2633 1092 2684 dinumeravit,
1111 2634 1209 2675 vide

308 2692 488 2735 .Herod.
503 2705 590 2734 vu.
611 2698 679 2736 60.
710 2696 824 2737 Plin.
844 2709 908 2736 1v.
925 2700 965 2737 2.
1011 2698 1208 2747 Bongars.

308 2756 427 2795 -Eam
464 2757 630 2809 invasit]
669 2758 732 2799 Ut
763 2758 1038 2800 Glossemata
1065 2761 1210 2801 omisit

318 2819 507 2871 scriptus
526 2821 664 2861 codex
685 2822 869 2874 Schotti,
887 2828 933 2863 et
953 2823 1087 2876 probe
1107 2835 1208 2863 con-

309 2887 406 2923 ·stat
425 2895 597 2924 sensus:
635 2885 906 2927 retinendum
921 2892 1064 2927 tamen
1081 2893 1207 2939 putat

319 2945 595 2988 Gebhardus.

374 3010 492 3050 Mille
511 3015 550 3050 et
569 3012 822 3052 ducentarum
855 3011 1031 3064 navium]
1060 3013 1113 3053 In
1133 3025 1204 3053 na·

318 3072 432 3114 vium
453 3085 629 3114 nurnero
647 3075 771 3115 valde
788 3076 972 3116 variant.
1003 3076 1205 3129 AEschylo

311 3133 367 3176 'ut
387 3137 559 3188 scienti,
586 3150 799 3191 quemque
829 3139 913 3179 illis
939 3140 1204 3192 temporibus

311 3199 560 3251 proximum
599 3198 729 3241 fnisse
766 3207 955 3253 constat,
995 3203 1204 3243 creditur.

316 3262 428 3303 Nam
455 3263 496 3302 in
523 3264 666 3303 Persis
687 3265 916 3316 tragoedia,
934 3279 1029 3319 quae
1051 3267 1205 3306 etiam-

304 3337 416 3364 -num
447 3333 604 3377 exstat,
632 3328 695 3367 ita
726 3339 798 3367 eas
832 3327 1204 3382 προῄδεις-Ξέρξῃ

316 3386 362 3428 δὲ
382 3389 465 3441 (καὶ
481 3389 559 3441 ’γὰρ
576 3388 679 3443 οῖδα)
708 3391 842 3441 χιλιὰς
869 3390 941 3441 μὲν
959 3390 1007 3439 ἦν
1025 3394 1134 3432 Νεῶν
1157 3391 1206 3431 τὸ

306 3454 540 3504 ‚rhfioosvai
567 3455 599 3494 δ’
628 3453 863 3509 ὑπέρκομποι
887 3455 1006 3509 τάχει
1041 3457 1207 3500 Ἑκατὸν

695 217 878 259 NOTAE
920 218 1259 261 VARIORUM
1301 220 1370 260 IN
1397 221 1463 260 0·
1503 219 1776 263 NEPOTIS

1270 338 1327 380 δὶς
1345 338 1462 392 ἦσαν,
1479 338 1580 380 ἑπτά
1597 340 1646 380 θ’·
1674 338 1740 381 ὧδ’
1758 339 1844 392 ἔχει
1863 338 1999 393 λόγος.
2044 341 2158 386 Nam

1272 403 1387 457 quod
1408 404 1437 446 J
1443 403 1604 445 ustinus
1622 403 1698 446 lib.
1713 416 1766 445 ιι.
1789 418 1843 445 ex
1861 406 2001 458 Trogo
2016 417 2161 453 recen.-

1271 472 1355 519 set,
1373 467 1598 507 mendacio
1625 479 1752 519 quam
1783 467 1957 507 veritati
1979 467 2158 514 similius

1271 537 1353 573 est.
1409 530 1658 571 Herodotus
1677 530 1722 570 in
1739 530 1936 583 septimo,
1965 530 2160 578 innume,-

1271 594 1429 635 rabiles
1459 606 1596 647 prope
1629 594 1776 647 copias
1795 594 1911 634 illius
1945 597 2160 649 recenset.

1271 661 1359 701 Sed
1381 672 1504 701 nemo
1520 673 1619 700 cum
1638 660 1782 701 Probo
1804 665 1965 712 praeter
1988 659 2163 712 AEschy-

1272 723 1359 764 lum
1391 724 1551 764 rectius
1576 723 1806 763 consentit.
1833 723 1998 773 Longol.
2054 722 2162 768 Dio,-

1273 787 1426 829 dorus:
1455 789 1543 836 νῆες
1563 786 1605 828 δὲ
1625 785 1828 836 σύμπασαι
1845 786 1988 839 μακραὶ
2002 785 2164 834 πλείους

1270 853 1351 891 τῶν
1382 850 1523 902 χιλίων
1550 849 1615 891 καὶ
1642 850 1856 893 διακοσίων.
1903 851 2161 892 Plutarchus

1271 914 1522 967 AEschylum
1550 921 1723 956 secutus
1753 916 1930 956 classem
1950 915 2066 956 mille
2085 927 2162 956 na-

1271 977 1402 1028 vium,
1423 978 1702 1019 barbarorum
1720 977 1853 1019 fuisse
1873 978 2039 1020 scribit.
2060 986 2063 989 '
2087 978 2161 1020 Sic

1271 1042 1442 1095 reliqui,
1462 1049 1537 1083 aut
1554 1043 1597 1084 in
1616 1054 1796 1083 excessu
1823 1048 1899 1083 aut
1918 1042 1963 1083 in
1983 1041 2162 1092 defectu

1271 1110 1521 1156 peccarunt.
1579 1106 1720 1146 Unum
1742 1105 1978 1147 Isocratem
1999 1106 2163 1158 excipi-

1270 1181 1380 1221 mus,
1409 1170 1482 1223 qui
1513 1170 1746 1213 Persarum
1777 1170 1942 1224 τριήρεις
1965 1170 2163 1213 διακοσίας

1270 1233 1335 1273 καὶ
1353 1233 1488 1284 χιλίας
1508 1239 1746 1276 enumerat.
1795 1235 2001 1277 Kenchen.

1326 1298 1502 1338 Navium
1520 1297 1743 1350 longarum]
1763 1298 2036 1350 Militarium,
2055 1309 2171 1351 quaa

1272 1360 1419 1401 Graeci
1458 1359 1608 1412 μακρὰς
1650 1359 1875 1411 vocabant,
1920 1364 1968 1400 et
2014 1359 2164 1401 Livius

1272 1435 1439 1476 quoque
1460 1434 1570 1464 xxv.
1591 1426 1659 1464 27.
1690 1423 1837 1463 Caesar
1863 1423 1918 1463 B.
1949 1421 2007 1464 Gr.
2025 1434 2070 1463 V.
2090 1426 2161 1464 25.

1271 1499 1321 1526 ac
1340 1487 1524 1527 Scaurus
1544 1486 1587 1525 in
1608 1484 1753 1526 libello
1778 1485 1835 1525 de
1854 1485 2166 1538 orthographia

1272 1549 1530 1602 simpliciter
1549 1553 1778 1600 opponunt
1813 1548 2034 1589 onerariis.
2090 1546 2166 1588 Vi-

1272 1612 1438 1652 dendus
1456 1609 1699 1653 Schefferus
1730 1611 1784 1653 de
1813 1612 1979 1653 Militia
2007 1612 2165 1655 Navali

1271 1678 1421 1718 Veter.
1438 1677 1511 1717 lib.
1532 1688 1583 1716 11.
1603 1679 1641 1716 2.
1661 1681 1706 1716 et
1726 1676 1801 1715 lib.
1822 1686 1891 1715 lv.
1912 1678 1952 1715 1.

1327 1740 1420 1780 Duo
1433 1739 1560 1780 millia
1571 1738 1859 1791 onerariarum]
1872 1739 1980 1782 Quae
1997 1739 2163 1781 Graecis

1272 1803 1466 1856 φορτηγοὶ
1485 1806 1587 1854 νῆες,
1613 1808 1659 1844 et
1686 1805 1774 1851 νῆες
1794 1802 1958 1844 ὁλκάδες
1975 1804 2165 1858 appella·

1272 1868 1442 1908 bantur.
1487 1869 1692 1910 Camerar.

1330 1932 1681 1984 Septingentorum
1713 1932 1880 1971 millium
1906 1932 2096 1987 peditum,
2127 1947 2166 1975 e-

1270 1996 1424 2048 quitum
1457 1995 1852 2048 quadringentorum]
1894 1995 1946 2035 In
1985 2007 2164 2038 numero

1275 2059 1545 2100 terrestrium
1583 2059 1806 2111 copiarum
1850 2059 1956 2100 mire
1995 2059 2164 2100 variant

1272 2127 1488 2174 auctores,
1519 2122 1686 2163 Herod.
1721 2117 1796 2163 lib.
1824 2134 1908 2163 vn.
1941 2126 2033 2164 184.
2069 2126 2163 2166 185.

1273 2190 1368 2228 186.
1418 2186 1587 2227 Ctesias
1626 2187 1669 2225 in
1714 2186 1909 2227 Persicis
1947 2199 2042 2239 cap.
2092 2190 2160 2228 23.

1270 2251 1401 2292 Diod.
1444 2251 1533 2292 Sic.
1566 2262 1634 2292 xl.
1667 2256 1707 2292 5.
1738 2251 1855 2293 Plin.
1885 2263 2059 2293 xxxm.
2095 2256 2161 2293 1⁰.

1271 2314 1425 2355 AElian.
1444 2325 1550 2355 xm.
1571 2318 1637 2356 1⁰.
1657 2314 1774 2357 Just.
1789 2327 1844 2357 11.
1862 2319 1927 2356 10.
1947 2319 2013 2356 18.
2035 2315 2162 2357 Oros.

1271 2389 1325 2418 11.
1341 2382 1406 2418 10.
1421 2377 1680 2420 Theodoret‘.
1695 2378 1822 2419 Orat.
1841 2382 1907 2419 10.
1927 2379 2023 2419 adv.
2041 2378 2164 2420 Grae-

1271 2453 1363 2481 cos.
1395 2441 1614 2482 Isocrates
1648 2442 1724 2493 ait,
1755 2442 1972 2482 hominum
1993 2443 2163 2483 univer-

1269 2516 1414 2544 sorum
1434 2503 1562 2544 fuisse
1583 2506 1840 2558 quingentas
1867 2504 2096 2558 myriades,
2116 2504 2160 2544 id

1271 2573 1354 2618 est,
1375 2568 1654 2621 quinquagies
1687 2574 1874 2609 centena
1900 2569 2035 2608 millia
2053 2568 2164 2608 mili-

1271 2631 1445 2682 tarium,
1474 2637 1520 2671 et
1550 2631 1604 2671 ad
1634 2643 1819 2684 pugnam
1841 2636 2037 2683 aptorum
2064 2643 2161 2683 sep-

1273 2694 1472 2747 tingenta
1489 2694 1638 2745 millia,
1665 2707 1741 2734 seu
1773 2693 2049 2746 septuaginta
2067 2706 2161 2746 my·

1272 2757 1430 2798 riades.
1461 2757 1643 2798 Lamban.
1700 2757 1771 2798 Sic
1792 2758 2055 2797 Plutarchus
2074 2756 2163 2809 περὶ

1270 2829 1447 2874 rapam..
1504 2821 1594 2862 Alii
1631 2820 1987 2861 innumerabilem
2025 2819 2160 2861 fuisse

1271 2887 1448 2927 tradunt
1502 2887 1760 2936 exercitum,
1804 2884 1860 2925 ob
1910 2885 2158 2925 immensam

1270 2952 1805 2992 multitudinemKeuchen.
1823 2947 2161 3004 PomponMela

1269 3016 1411 3067 spatio
1425 3015 1567 3067 potius
1583 3027 1774 3055 mensum
1791 3017 2045 3065 exercitum,
2059 3017 2160 3069 quia

1268 3091 1446 3121 numero
1467 3091 1552 3118 non
1583 3084 1767 3131 poterat,
1796 3086 1947 3120 auctor
1975 3084 2046 3119 est
2074 3079 2157 3121 lib.

1268 3154 1319 3182 ιι.
1343 3146 1407 3183 11.
1437 3142 1634 3182 schottus.
1681 3143 1881 3182 Meminit
1900 3144 1955 3184 D.
1974 3143 2159 3185 Hieron.

1269 3206 1312 3245 in
1333 3206 1503 3246 Daniel.
1523 3217 1614 3257 cap.
1634 3209 1674 3245 7.
1705 3211 1752 3246 et
1780 3207 1846 3246 his
1879 3206 2032 3247 similia
2050 3207 2157 3248 Eua.

1269 3270 1312 3309 in
1334 3269 1545 3310 Chronico
1566 3269 1742 3321 Olymp.
1769 3280 1908 3310 cxxv.

1325 3332 1505 3372 Maxime
1536 3332 1792 3372 Athenienses
1818 3331 1922 3383 peti]
1959 3333 2158 3373 Venusta

1270 3395 1496 3435 translatio
1507 3407 1531 3434 a
1547 3394 1951 3446 gladiatoribus,qni
1967 3394 2011 3434 in
2025 3405 2155 3447 quam

1269 3463 1440 3512 partem
1457 3456 1563 3499 ferri
1576 3469 1819 3499 mucronem
1835 3456 2043 3511 dirigunt,
2059 3469 2155 3501 eam
