2326 3860
637 295 806 335 xxn.
847 294 1226 347 tummim,
1264 291 1401 335 cae.
1437 279 1495 335 2.
1879 282 1989 338 301

148 431 225 473 se
237 415 549 476 habentem}
577 415 867 483 cognovit-
925 413 1190 484 Namque
1218 412 1600 469 diuturnitate*
1621 415 1835 477 externi
1850 415 1994 471 ,mali

153 503 368 561 tantum
390 501 626 556 exarsi&
652 502 966 557 intestinum
986 496 1233 566 bellum,j
1261 504 1327 554 ut
1364 514 1647 569 nunquam
1689 501 1819 570 pari
1842 501 1992 570 peri-

150 583 309 643 culo⁶
328 584 488 638 suerit
502 583 797 654 Carthago,
812 585 923 638 nisi
939 601 1068 638 cum
1082 584 1286 639 deleta⁷
1303 580 1436 638 est.'‘
1459 583 1650 639 Primo
1674 585 1997 639 mercenarii

155 666 401 734 milites)
426 670 523 739 qui
548 669 820 724 adversus
845 669 1135 724 Romanos
1157 667 1418 735 fuerant‚⁸
1442 669 1826 724 desciverunt:
1861 686 2000 739 quo-

146 772 279 813 rum
301 770 555 810 numerus
581 760 702 807 erat
739 753 933 822 viginti
957 753 1217 806 millium.
1294 753 1380 807 Hi
1412 758 1585 808 totam
1622 754 1999 809 abalienarunt

155 838 466 904 Αΐιὶοιιιιι,ιη
486 840 668 909 ipsam
696 837 1085 907 Carthaginem
1109 844 1524 907 oppugnarunt.
1583 835 1804 903 Quibus
1828 839 1997 894 malis

158 925 298 997 adeo
349 929 481 978 sunt
512 924 681 979 Poeni
719 924 1035 995 perterriti‚⁹
1076 928 1140 978 ut
1163 924 1342 977 etiam
1378 923 1640 977 auxilia¹0
1665 940 1702 977 a
1728 922 2001 979 Romani-s

157 1008 472 1082 petiverint,
508 1023 685 1078 eaque
717 1008 1118 1078 impetrarint.¹¹
1193 1007 1310 1061 Sed
1348 1014 1618 1074 extreme,
1656 1025 1785 1062 cum
1821 1024 2002 1079 prope

152 1093 274 1164 jam
299 1093 372 1146 ad
396 1092 841 1162 desperationem
881 1093 1331 1161 pervenissent,¹²
1358 1091 1738 1147 Hamilcarem
1763 1092 2002 1162 impera-

160 1182 338 1244 torem
360 1178 645 1231 secerunt.¹¹
700 1177 762 1231 Is
785 1193 899 1230 non
925 1177 1110 1231 solum
1132 1177 1370 1231 hostes¹³
1399 1193 1436 1231 a
1458 1178 1633 1232 muris
1649 1176 2003 1245 Carthaginis

159 1263 414 1329 removit,
452 1280 580 1318 cum
620 1263 859 1332 amplius
898 1269 1121 1317 centum
1158 1261 1382 1316 millia¹4
1404 1261 1560 1316 facta
1597 1267 1785 1316 essent
1824 1278 2005 1316 arma-

161 1352 379 1415 torum3
419 1347 517 1402 sed
542 1347 711 1402 etiam
734 1364 801 1402 eo
827 1349 1116 1418 compulit,
1140 1352 1206 1402 ut
1228 1349 1481 1402 locorum
1506 1348 1775 1416 angustiis
1802 1347 2007 1414 clausi,

162 1428 366 1504 plures'
381 1432 546 1498 fame,
568 1448 737 1502 quam
760 1433 927 1499 ferro,
955 1433 1256 1488 interirent.
1332 1431 1536 1489 Omnia
1561 1432 1778 1502 oppida
1796 1432 2007 1487 abalie-

936 1557 1239 1582 eeeeeeeeeeee

164 1637 222 1680 ab
239 1636 323 1681 Ed.
343 1637 445 1679 Par.
460 1636 560 1679 Ald.
580 1637 644 1691 [sp
646 1642 775 1679 erar-at
797 1636 881 1679 Ed.
899 1636 1119 1679 Schmied.
1135 1649 1190 1679 ex
1203 1638 1474 1692 conjectura.
1476 1639 1577 1691 ]—8
1592 1639 1768 1681 Hiemem
1786 1638 1868 1680 Ed.
1888 1638 2010 1681 Jens.

164 1694 247 1735 —.-1
277 1692 594 1733 Diatumitatem
622 1692 703 1732 Ed.
730 1692 853 1735 Jens.
886 1688 1006 1733 Med.
1033 1689 1144 1745 Arg.
1172 1693 1310 1745 Long.
1352 1693 1509 1734 Statim
1524 1694 1692 1734 extremi
1722 1693 1804 1734 Ed.
1825 1692 1909 1734 Ald
1915 1698 2009 1734 .-5

167 1745 350 1787 Exmit
366 1746 451 1791 Ed.
471 1746 594 1789 Jens.
612 1745 736 1786 Med.
756 1745 981 1796 [exarserat
1005 1704 1159 1788 malint
1181 1746 1394 1788 Schmied.
1413 1752 1460 1788 et
1475 1747 1711 1788 Tzschuck.
1731 1747 1784 1787 ad
1804 1747 1874 1788 ed.
1892 1746 2011 1798 2.]-

166 1802 194 1840 6
221 1799 273 1840 In
299 1800 392 1852 pan·
406 1811 493 1851 per.
522 1800 608 1841 Ms.
627 1799 773 1840 Ernst.
790 1799 884 1851 pari
900 1800 945 1839 in
967 1811 1055 1851 per.
1073 1798 1155 1841 Ed.
1174 1799 1326 1841 Lamb.
1356 1801 1523 1863 [Brem.
1540 1800 1783 1843 Tzschuck.
1803 1805 1843 1842 1.
1870 1800 2011 1842 sedin

167 1851 238 1894 ed.
251 1855 293 1894 2.
323 1857 369 1894 et
387 1853 506 1894 edita
525 1858 607 1903 est,
626 1859 673 1893 et
692 1853 735 1892 in
750 1858 844 1893 not.
863 1853 1083 1893 vindicata
1100 1854 1233 1894 lectio
1250 1854 1366 1907 vulg.
1392 1854 1482 1906 pari
1496 1854 1688 1907 periculo
1681 1854 1711 1906 ·]
1741 1855 1814 1894 tals
1822 1866 1910 1906 per
1923 1853 2011 1896 Ms.

168 1905 290 1948 Leid.
307 1908 430 1948 2.-7
452 1907 523 1947 Sic
542 1884 672 1947 eti’atn
691 1907 776 1947 Ms.
796 1905 881 1948 Ax.
909 1907 1080 1960 [rectez
1107 1919 1149 1948 v.
1166 1907 1283 1948 Flor.
1303 1918 1356 1949 ιι.
1373 1912 1441 1949 15.
1467 1911 1509 1949 4.
1530 1913 1576 1949 et
1599 1909 1718 1949 Stav.
1739 1908 1783 1948 in
1803 1908 1874 1949 ed.
1891 1908 2015 1961 maj]

166 1960 253 2005 Sed
272 1961 426 2001 deserta
446 1960 528 2002 Ms.
543 1959 665 2001 Leid.
683 1963 724 2000 2.
753 1961 878 2001 Voss.
895 1963 936 2001 2.
956 1963 997 2001 8.
1015 1959 1097 2003 Ed.
1114 1961 1234 2003 Jens.
1253 1961 1375 2056 Med.
1392 1961 1496 2003 Ald.
1525 1961 1683 2003 Similis
1702 1960 1895 2002 confusio
1916 1967 2013 2002 erat

167 2024 415 2109 3223».ss
425 2014 971 2109 erasistrati.
1043 2015 1892 2111 ..sufflammat
1890 2015 2015 2131 ’.τις

168 2121 273 2162 Par.
293 2119 396 2162 Ald.
415 2121 551 2171 Long.
571 2121 720 2162 lamb.
742 2121 894 2174 Steph.
915 2122 1036 2174 Mag.
1063 2122 1207 2164 Gebh.
1226 2122 1375 2164 Boecl.
1396 2123 1565 2164 Kench.
1584 2123 1686 2164 Bos.
1704 2127 1742 2164 1.
1790 2122 1948 2163 Statim
1966 2123 2016 2162 ab

172 2174 366 2218 Romanis
386 2174 472 2216 Ms.
493 2174 620 2216 Voss.
651 2179 690 2216 1.
709 2178 734 2215 3
739 2179 859 2216 .-11
885 2175 946 2216 Εα
964 2175 1121 2228 impetr.
1138 2176 1225 2217 Ms.
1249 2174 1372 2218 Voss.
1391 2180 1432 2218 8.
1473 2176 1648 2218 Absunt
1676 2176 1732 2217 ab
1753 2176 1835 2216 Ed.
1852 2177 2015 2229 Ultraj.

171 2228 604 2280 eaqueimpetraverint
620 2227 702 2270 Ed.
717 2229 869 2282 Steph.
890 2229 1011 2281 Mag.
1029 2229 1169 2270 Gebh.
1189 2230 1343 2271 Keuch
1348 2234 1469 2272 .-12
1489 2231 1744 2272 Pervenisset
1763 2231 1851 2271 Ms.
1871 2229 1958 2271 Ax.
1961 2251 2017 2260 -

172 2281 224 2333 1³
245 2281 391 2324 Hostis
404 2282 491 2324 Ms.
510 2283 638 2324 Voss.
656 2286 696 2326 2.
723 2282 848 2325 Leid.
862 2286 903 2324 2.
928 2283 1011 2324 Ed.
1029 2283 1150 2326 Jens.
1162 2283 1285 2326 Med.
1303 2282 1410 2338 Arg.
1425 2285 1530 2326 Par.
1534 2287 1641 2326 -14
1666 2285 1835 2327 Centum
1848 2282 2018 2325 millibus

1000 2388 1211 2435 NOTAE

174 2514 295 2544 mare
327 2501 567 2554 internnm3
596 2514 778 2556 quaeque
811 2501 944 2543 tertio
973 2502 1063 2544 Pu·
1127 2502 1241 2556 plus,
1261 2503 1334 2544 alii
1352 2503 1509 2555 minus,
1542 2501 1651 2544 adeo
1668 2505 1718 2543 ut
1736 2500 2020 2555 paraminter

174 2567 272 2621 nico
290 2566 405 2608 bello
423 2566 668 2620 aScipione
685 2566 913 2609 AEmiliano
944 2567 1066 2620 peni·
1130 2578 1178 2607 se
1209 2567 1484 2608 consentiant
1526 2566 1744 2608 Auctores
1770 2565 1851 2606 hae
1880 2565 1927 2605 in
1957 2576 2020 2606 re.

177 2636 248 2687 tus
267 2629 416 2672 diruta
432 2634 513 2671 est.
1131 2632 1337 2672 Ceterum
1358 2630 1459 2672 urbs
1474 2629 1676 2672 incendio
1694 2629 1839 2670 diruta
1857 2626 1958 2680 fuit,
1973 2634 2020 2669 et

157 2723 161 2725 -
180 2734 189 2749 s
211 2692 257 2735 Vl:
273 2694 446 2736 Tantum
477 2694 631 2735 exarsit
657 2693 888 2735 intestinum
903 2693 1064 2747 bellum]

115 2796 122 2799 Α
165 2748 324 2829 (Hujus
345 2756 446 2798 belli
463 2769 595 2798 causa
607 2763 806 2799 narratur
822 2771 848 2798 a
863 2757 1065 2813 Polybio,

177 2818 253 2874 qui
272 2819 405 2860 etiam
424 2819 517 2872 ejus
536 2824 734 2862 auctores
752 2826 967 2863 recenset.

233 2879 253 2908 ¹¹
281 2881 377 2923 Nisi
393 2894 482 2922 cum
498 2884 627 2923 deleta
640 2885 718 2937 est]
745 2885 907 2925 Deleta
919 2878 1064 2926 autem

180 2935 279 2996 tuit,
297 2948 347 2984 ut
366 2956 468 2985 mox
481 2943 665 2985 diximus
669 2945 942 2998 ,aScipione
954 2958 1065 2988 anno

179 3010 276 3049 66⁷.
313 3011 542 3060 postquam
576 3008 752 3048 condita
788 3007 953 3061 fuerat,
969 3007 1066 3051 Cn.

180 3069 387 3112 Cornelio
418 3070 620 3122 Lentulo,
649 3072 699 3113 L.
720 3071 930 3113 Mummio
949 3072 1066 3115 Coss.

181 3132 378 3198 Velleius
392 3133 570 3174 Patere.
587 3134 662 3175 lib.
678 3145 711 3176 1.
730 3138 797 3176 12.
853 3135 924 3177 Aa
939 3149 1066 3191 qnam

181 3186 425 3249 opinionem
445 3195 756 3249 quodammodo
785 3198 956 3240 accedit
976 3200 1068 3242 Cic.

182 3270 218 3300 ι.
237 3258 293 3299 de
324 3260 432 3312 Rep.
463 3259 526 3299 his
545 3259 715 3301 verbis.
742 3260 756 3283 ‘
778 3261 874 3302 Nec
901 3267 1069 3304 tantum

184 3318 402 3378 Carthago
433 3321 652 3362 habuisset
684 3333 811 3375 opum
842 3330 1070 3364 sexcentos

182 3382 292 3439 fere,
313 3396 464 3439 annos,
505 3385 598 3425 sine
635 3385 822 3426 consiliis
860 3390 906 3426 et
942 3385 1069 3428 disci-

185 3446 345 3504 plinsz·
383 3446 455 3488 cui
492 3446 626 3488 etiam
663 3447 855 3501 opinioni
890 3449 1071 3491 Orosius

138 3568 148 3578 ο
186 3514 273 3552 non
287 3511 468 3554 multum
486 3511 690 3555 dissentit
706 3512 782 3556 lib.
801 3524 867 3556 ιν.
884 3517 927 3556 6.
981 3511 1072 3556 Alii

1132 2707 1213 2748 per
1231 2694 1458 2737 continuos
1477 2694 1629 2735 decem
1647 2699 1694 2734 et
1727 2699 1895 2746 septem
1923 2692 2021 2740 ⁴dies

1130 2760 1203 2800 vix
1223 2759 1366 2812 potuit
1385 2757 1631 2801 incendium
1652 2756 1879 2810 extingui..
1906 2756 2021 2799 Flor.

1131 2821 1206 2863 lib.
1229 2833 1283 2862 ιι.
1304 2825 1371 2864 15.

1186 2882 1199 2911 ¹
1227 2885 1366 2926 Primo
1384 2884 1616 2926 mercenarii
1634 2881 1801 2936 milites]
1828 2883 1947 2926 Quos
1966 2894 2021 2923 ex

1134 2947 1262 2988 variis
1278 2948 1479 3001 gentibus
1487 2947 1621 2989 fuisse
1634 2952 1888 2999 memorant,
1904 2946 2026 2987 nimi·

1134 3023 1228 3052 rum
1249 3011 1414 3063 Gallos,
1444 3011 1681 3064 Hispanos,
1711 3010 1912 3063 Ligures,
1932 3009 2023 3050 No-

1133 3073 1296 3126 mades,
1314 3073 1462 3127 Afros,
1479 3075 1686 3126 aliosque.

1188 3143 1219 3164 ¹¹¹
1246 3138 1312 3179 Hi
1348 3142 1471 3178 totam
1507 3137 1780 3178 abalienarunt
1817 3133 2021 3188 Africam]

1134 3201 1317 3254 Supple,
1335 3215 1361 3242 a
1378 3200 1819 3252 Carthaginiensibus.

1189 3269 1209 3290 ¹¹
1238 3264 1506 3305 Hamilcarem
1526 3264 1799 3316 imperatorem
1817 3261 2023 3316 fecerunt]

1137 3327 1245 3368 Cum
1274 3334 1403 3368 antea
1422 3328 1694 3378 Hannonem,
1725 3332 1771 3368 et
1790 3326 2024 3370 Gisconem

1137 3388 1420 3431 Hasdrubalis
1457 3397 1644 3444 patrem,
1677 3391 1732 3432 ab
1766 3391 1888 3432 initio
1925 3391 2024 3434 huic

1139 3452 1255 3495 bello
1268 3453 1582 3507 praefecissent,
1597 3465 1759 3508 eosque
1774 3451 1897 3510 tanto
1910 3455 2025 3496 malo

1139 3514 1330 3570 impares
1350 3529 1446 3560 esse
1468 3518 1790 3572 cognovissent.
1818 3517 1971 3561 Lamb.
