2326 3860
1921 290 2031 347 297

189 417 396 489 Neque
432 420 512 474 ita
533 420 714 474 multo
738 425 867 490 post
889 421 1180 475 Seleucus⁷
1208 439 1244 476 a
1270 421 1576 477 Ptolemaeo
1604 422 1872 478 Cerauno⁶
1895 424 2027 480 dolo

189 498 524 559 interfectus
545 506 692 573 est;⁸
720 523 884 575 quem
909 507 1004 559 ille
1040 523 1076 559 a
1114 512 1274 574 patre
1299 509 1603 576 expulsum
1631 507 2033 576 Alexandrea?

189 589 493 643 alienarum
517 607 689 659 opum
712 591 1039 659 indigentem
1075 598 1367 661 receperat.
1443 593 1577 662 Ipse
1615 600 1800 647 autem
1840 595 2052 650 Ptole-fl

187 681 431 739 moeuS‚¹0
457 691 582 728 cum
606 676 770 728 vivus
796 675 911 727 filio
937 692 1164 743 regnum
1190 677 1531 741 tradidisset,
1571 679 1642 732 ab
1688 680 1785 732 illo
1831 680 2029 734 eodem

190 759 305 813 vita
350 761 599 829 privatus
641 757 880 813 dicitur.f
950 761 1039 813 De
1060 762 1285 829 quibus
1326 764 1591 830 quoniam
1630 765 1767 817 satis
1814 766 2029 820 dictum

189 847 473 913 putamuS,
508 861 620 897 non
645 844 1059 898 incommodum
1097 846 1327 910 videtur,
1366 864 1473 899 non
1498 851 1779 917 praeterire
1806 850 2029 904 Hamil-

189 944 377 983 carem
419 936 478 982 et
516 930 988 996 Hannibalem;¹¹
1035 924 1179 1000 quos
1215 937 1270 984 et
1313 933 1486 984 animi
1525 934 1945 1001 magnitudine¹²
1972 940 2032 990 et

187 1013 486 1074 calliditate
506 1032 698 1070 omnes
722 1016 779 1069 in
802 1016 1042 1070 Africa¹³
1067 1022 1226 1071 natos
1251 1017 1581 1087 praestitisse
1609 1025 1845 1074 constat.

656 300 802 342 xxr.
865 301 948 340 nn
988 301 1282 354 necinus,
1323 301 1463 343 cn».
1505 290 1558 344 3.

187 1229 326 1272 Heus.
345 1243 396 1272 ac
426 1231 544 1273 Stav.
577 1232 648 1287 qui
670 1233 724 1273 ad
743 1232 814 1273 ed.
833 1235 872 1274 3.
901 1232 1045 1284 docet,
1066 1232 1417 1285 praepositionem
1445 1246 1471 1274 a
1499 1234 1641 1274 verbis
1671 1235 1837 1276 neutris
1870 1236 2028 1290 saepius

189 1284 305 1337 addi,
332 1292 378 1326 et
408 1299 581 1327 causam
615 1286 858 1339 significare
895 1285 1272 1337 efficientem.]—-7
1302 1287 1511 1328 Seleuchus
1539 1289 1626 1328 Ms.
1655 1291 1777 1330 Voss.
1796 1294 1920 1331 2.-8
1950 1292 2031 1331 Eat

189 1338 342 1379 aberat
361 1352 386 1380 a
417 1342 502 1381 Ms.
533 1341 656 1382 Leid.
674 1345 715 1386 2.
747 1346 792 1382 et
818 1342 945 1382 Voss.
966 1344 1086 1381 1.-9
1114 1341 1186 1381 Sic
1217 1342 1302 1381 Ms.
1330 1340 1423 1382 Gif.
1443 1343 1568 1384 Voss.
1586 1346 1622 1383 1.
1666 1344 1755 1384 Sed
1784 1339 2030 1385 Alexandria

187 1392 272 1433 Ed.
285 1393 407 1437 Jens.
427 1395 546 1436 Med.
562 1394 669 1447 Arg.
684 1395 786 1436 Par.
796 1393 897 1435 Ald.
913 1396 1047 1446 Long.
1064 1394 1181 1446 Mag.
1198 1393 1350 1447 Step'h.
1367 1396 1515 1438 Lamb.
1533 1396 1674 1438 Gebh.
1694 1398 1845 1439 Boecl.
1862 1399 2030 1440 Kench-

189 1445 454 1488 Patav.—10
482 1450 719 1489 Ptolomeus
736 1450 822 1490 Ms.
851 1450 975 1489 Voss.
1012 1453 1050 1490 1.
1065 1451 1106 1489 2.
1137 1448 1260 1492 Leid.
1283 1452 1324 1489 2.
1365 1450 1607 1490 Plttolmoeus
1629 1451 1712 1492 Ms.
1733 1451 1858 1493 Voss.
1873 1456 2023 1494 3.-11

188 1498 427 1542 Amilcar-em
445 1507 485 1543 et
504 1503 713 1544 Anibalem
730 1504 816 1544 Ms.
838 1503 965 1544 Voss.
982 1505 1020 1542 1.
1084 1502 1137 1542 In
1157 1502 1237 1544 Ed.
1257 1502 1359 1542 Par.
1381 1503 1480 1545 Ald.
1500 1505 1620 1557 Mag.
1639 1505 1795 1559 ubique
1816 1512 1885 1547 est
1902 1507 2029 1548 Anni·

187 1562 431 1611 halem—‘12
458 1569 550 1610 Pro
577 1571 700 1611 animi
731 1571 1003 1622 magnitudine
1035 1574 1130 1611 erat
1161 1574 1248 1611 eum
1285 1571 1453 1622 magnit.
1486 1571 1529 1612 in
1561 1572 1646 1615 Ms.
1667 1572 1792 1614 Voss.
1824 1576 1861 1615 1.
1919 1577 1959 1615 et
1985 1561 2029 1615 ἴτ’.

188 1621 269 1666 Ed.
284 1621 514 1666 ,Μαι-13
541 1624 703 1679 Affica
716 1626 801 1668 Ms.
820 1626 947 1666 Voss.
970 1628 1007 1667 1.
1028 1623 1211 1677 Apta-ica
1230 1624 1312 1666 Ed.
1330 1625 1447 1666 Par.
1469 1643 1472 1647 ·
1538 1639 1543 1645 ⁴
1930 1635 1938 1648 ’-

1022 1759 1202 1803 NOTAE

1140 1853 1261 1894 ertiae
1280 1853 1452 1908 otioque
1471 1866 1516 1896 se
1543 1852 1751 1907 dedisset,
1773 1869 1910 1912 neque
1930 1842 2028 1901 soli-

1140 1922 1187 1959 to
1220 1917 1396 1958 vivendi
1422 1929 1543 1959 more
1573 1924 1785 1972 uteretur,
1814 1932 1870 1961 ex
1898 1921 2030 1969 nimia

185 1865 295 1896 maea
313 1853 369 1895 ad
388 1853 539 1896 urbem
558 1854 736 1908 Gazam,
754 1859 804 1895 ut
822 1854 916 1896 vult
933 1854 1072 1896 Justi-

185 1931 281 1972 nus,
307 1919 584 1972 Plutarchus,
611 1918 834 1960 Arrianus.
889 1919 1019 1969 Hunc
1046 1931 1073 1959 a

183 1980 498 2024 Macedonibus
543 1983 742 2024 relictum
783 1982 933 2024 scribit
978 1982 1072 2024 Cic.

187 2040 320 2087 offic:
350 2056 404 2086 ιι.
459 2044 536 2098 At,
565 2046 600 2086 si
633 2045 661 2087 J
667 2047 807 2087 ustino
843 2045 1073 2096 credimus,

186 2120 274 2150 non
291 2115 447 2163 captus
465 2114 549 2162 est,
584 2109 662 2150 sed
694 2110 882 2162 seipsum
899 2109 1073 2150 Seleuci

185 2171 291 2215 fidei
318 2173 514 2226 tradidit,
530 2178 579 2214 ut
599 2178 725 2226 patet
743 2185 797 2214 ex
816 2173 880 2213 his
901 2172 1040 2214 verbis
1058 2186 1070 2215 z

186 2237 200 2260 ⁶
225 2234 477 2277 Demetrius
500 2249 685 2291 quoque,
717 2250 743 2278 a
772 2242 840 2278 tot
870 2237 1072 2278 exerciti-

187 2300 266 2342 bus
278 2302 609 2353 circumventus,
621 2314 718 2342 cum
733 2307 883 2355 posset
892 2302 1074 2343 honeste

185 2364 310 2418 mori,
326 2364 517 2417 turpiter
535 2377 581 2405 se
600 2364 760 2406 dedere
784 2366 966 2407 Seleuco
984 2378 1072 2407 ma·

186 2426 299 2471 luit?
511 2429 514 2431 ’

186 2500 190 2502 ’
238 2489 259 2519 ¹¹
287 2491 422 2534 Periit
438 2488 588 2545 morbo]
617 2490 672 2532 In
690 2503 819 2546 quem
835 2491 1003 2544 incidit,
1021 2495 1074 2534 ut

150 2606 155 2610 ῃ
184 2552 326 2597 refert
342 2555 620 2608 Plutarchus,
646 2555 815 2597 biennio
842 2561 955 2610 post,
973 2567 1073 2597 cum

186 2630 215 2660 a
227 2618 414 2660 Seleuco
432 2618 751 2673 perhumaniter
772 2626 987 2674 exceptus
1004 2617 1071 2661 fu-

181 2683 309 2738 ioeet,
327 2691 375 2726 et
393 2683 515 2740 regio
532 2690 772 2740 apparatu3
798 2685 874 2728 sed
894 2697 991 2728 cum
1008 2685 1072 2727 in-

1139 1980 1368 2034 eruditate
1388 1981 1433 2020 in
1465 1981 1663 2022 morbum
1695 1981 1865 2036 incidit,
1891 1990 1937 2026 et
1963 1985 2029 2026 ita

1138 2044 1320 2085 interiit.
1375 2045 1597 2086 Plutarch.
1623 2045 1668 2086 in
1686 2045 1866 2088 De‘met.

1192 2113 1212 2135 θ
1239 2109 1276 2148 Α
1311 2108 1524 2148 Ptolemaeo
1559 2109 1758 2162 Cerauno]
1798 2109 1884 2151 Hic
1912 2110 2028 2155 filius

1137 2169 1221 2212 fuit
1238 2171 1469 2212 Ptolemaei
1490 2171 1659 2224 prioris,
1693 2173 1915 2215 Ceraunus
1936 2175 2028 2218 dic-

1141 2239 1212 2276 tus
1242 2235 1296 2276 ab
1317 2235 1499 2276 audacia
1517 2242 1563 2276 et
1582 2236 1746 2288 ingenii
1765 2238 1997 2281 velocitate
2014 2254 2027 2282 t

1140 2298 1321 2351 κεραυνὸς
1337 2299 1448 2339 enim
1468 2299 1626 2348 fulmen
1645 2300 1876 2354 siguificat.
1916 2304 2026 2346 cael.

1139 2363 1216 2405 lib.
1236 2374 1364 2405 xxrv.
1383 2368 1423 2406 6.

1193 2425 1212 2453 f
1232 2427 1298 2469 Ab
1317 2428 1385 2468 illo
1402 2429 1533 2469 eodem
1554 2428 1641 2469 vita
1665 2429 1846 2482 privatus
1862 2430 2032 2485 dicitur]

1138 2492 1255 2535 Huic
1311 2494 1504 2548 opinioni
1561 2494 1815 2536 adversatur
1862 2495 2027 2538 Justin.

1137 2557 1215 2600 lib.
1224 2568 1358 2599 xxrv.
1371 2559 1446 2612 qui
1462 2570 1561 2600 eum
1574 2570 1601 2599 a
1613 2558 1768 2611 Gallis,
1786 2570 1892 2613 quos
1907 2570 2026 2611 spre-

1137 2629 1278 2675 verat,
1297 2623 1475 2677 victum,
1502 2623 1593 2666 vita
1630 2627 1675 2665 et
1703 2634 1836 2677 regno
1868 2623 2028 2676 spolia·

1140 2691 1229 2728 tum
1249 2685 1415 2729 scribit.
