2352 3892
314 312 388 367 22
924 316 1224 362 CORNELII
1266 325 1532 366 NEPo'rls

315 452 377 501 ut
412 447 507 516 qui
546 447 809 509 maxime,
852 444 1066 497 amicus
1109 443 1512 514 familiarisque
1549 430 1690 498 fui't?
1763 430 1941 516 Immo
1980 450 2035 499 et
2058 438 2146 514 se-

311 532 557 585 cundum
587 531 870 584 Ciceronis
909 530 1090 599 Epist.
1131 518 1331 582 librum
1377 518 1448 582 ad
1495 531 1771 598 Nepotem
1819 521 2145 584 Macrobius

318 621 469 682 citat,
509 617 725 670 Saturn.
763 617 860 669 lib.
911 616 1071 668 11.'l.
1113 617 1270 685 cujus
1307 617 1430 668 haec
1474 621 1598 669 sunt
1646 618 1846 670 verba:
1911 621 1928 644 ‘
1952 604 2144 687 Testis

313 699 464 757 idem
490 702 708 766 Cicero,
735 702 832 770 qui
854 701 913 753 in
933 701 1076 754 libro
1102 700 1475 769 Epistolarum
1508 701 1580 752 ad
1607 699 1923 753 Cornelium
1949 700 2148 772 Nepo-

318 795 428 843 tem
454 788 719 851 secunde,
746 788 827 840 sic
853 786 963 840 ait?
1037 787 1118 851 Si,
1155 787 1365 854 itaque,
1409 786 1698 839 familiaris
1737 785 2023 858 Ciceronis
2047 787 2150 840 fuit

319 873 483 927 Corn.
511 873 745 942 Nepos;
783 873 853 924 ‘si
889 871 960 924 ad
992 888 1118 924 eum
1160 870 1341 939 Epist.
1365 871 1464 924 lib.
1494 884 1560 924 11.
1589 872 1831 940 scripsit,
1859 878 2005 926 certe
2033 868 2151 924 am-

317 959 420 1012 bos
445 958 625 1010 fuisse
658 962 970 1010 coaetaneos
995 973 1223 1009 necesse
1264 961 1383 1009 est:
1422 961 1586 1026 atque
1612 957 1749 1009 adeo
1778 974 1908 1009 cum
1932 953 2151 1010 Tullius

316 1044 427 1097 sub
475 1042 626 1096 Julio
671 1049 731 1095 et
782 1033 1038 1109 Augusto
1077 1041 1321 1106 Caesare,
1354 1059 1533 1110 usque
1577 1043 1648 1094 ad
1688 1042 1934 1106 Antonii,
1984 1035 2154 1094 Octa‘-

319 1129 415 1194 vii,
462 1132 518 1180 et
561 1127 760 1197 Lepidi
798 1116 1231 1180 Triumviratum
1271 1127 1492 1190 vixerit,
1536 1126 1621 1178 his
1670 1113 1888 1195 quoque
1939 1120 2154 1196 tempo-

319 1206 474 1267 ribus
501 1212 720 1266 Cornel.
759 1213 1039 1282 Nepotem
1065 1213 1280 1265 vixisse
1306 1212 1602 1264 dicendum
1627 1215 1732 1263 est.
1795 1209 1974 1282 *Adde
2000 1211 2152 1280 quod

323 1298 604 1367 Nepotem
645 1296 955 1365 Augustaeo
995 1314 1119 1350 aevo
1159 1297 1391 1359 obiisse,
1431 1296 1652 1348 Plinius
1690 1297 1788 1348 lib.
1817 1310 1908 1348 lx.
1937 1296 2028 1349 39.
2065 1297 2154 1349 his

321 1383 502 1436 verbis
550 1381 822 1435 testatur:
897 1369 915 1408 ἕ
953 1381 1152 1448 Nepos
1207 1378 1516 1442 CorneliuS,
1583 1380 1678 1447 qui
1727 1379 1864 1431 Divi
1914 1377 2157 1447 Augusti

319 1458 641 1535 principatu
676 1467 833 1531 obiit,
870 1482 978 1529 me,
1005 1464 1205 1533 inquit,
1228 1463 1435 1532 ju‘vene
1463 1464 1715 1517 violacea
1735 1481 1982 1533 purpura
2003 1465 2159 1532 vige-

322 1551 453 1605 bat?
527 1550 633 1604 Cui
654 1552 901 1620 opinioni
923 1550 1232 1619 respondet
1265 1549 1547 1602 Eusebius
1572 1550 1627 1600 in
1652 1547 1962 1602 Chronico:
2002 1553 2018 1577 ‘
2048 1549 2161 1603 Oc-

321 1637 532 1690 taviani
557 1636 784 1706 Imperii
810 1653 952 1689 anno
971 1640 1187 1706 quarto,
1210 1633 1543 1704 Olympiade
1582 1634 1831 1686 cxxcv.'
1850 1633 2014 1688 Corn.
2040 1633 2100 1686 Ν
2103 1628 2160 1687 θ’-

323 1739 431 1792 pos
454 1723 701 1792 Scriptor
738 1722 1056 1775 Historicus
1095 1721 1278 1773 clarus
1315 1717 1576 1772 habetur?
1653 1717 1799 1782 Quae
1838 1719 2159 1772 testimonia

322 1809 382 1860 in
428 1825 495 1860 eo
543 1807 910 1871 consentiunt,
959 1810 1022 1859 ut
1071 1804 1289 1859 Cornel.
1346 1803 1627 1873 Nepotem
1677 1801 1907 1868 Catulli,
1959 1803 2158 1870 Tullii,

326 1894 365 1947 J
370 1894 486 1958 ulii,
532 1892 867 1961 Octaviique
894 1890 1139 1946 Caesaris
1166 1895 1506 1946 coaetaneum
1540 1889 1712 1942 fuisse
1747 1889 2038 1943 manifeste
2064 1883 2163 1959 ex—

327 1979 561 2031 hibeant.
1052 2027 1060 2030 ,
2055 1967 2059 1970 ’

338 2070 342 2072 ’
397 2061 437 2116 J
440 2078 531 2115 am
567 2080 733 2115 uuum
768 2063 1043 2132 reliquum
1079 2067 1167 2114 est
1192 2060 1346 2130 quod
1385 2060 1773 2125 absolvamus;
1811 2063 1889 2125 ut,
1928 2061 2159 2125 scilicet,

330 2151 487 2216 quot,
513 2162 756 2216 quaeque
783 2163 1010 2216 operum
1035 2162 1239 2215 genera
1264 2144 1551 2198 Cornelius
1575 2151 1768 2197 noster
1792 2145 2005 2211 fecerit,
2032 2162 2165 2214 ape-

328 2232 572 2284 riamus·
625 2231 858 2305 Certum·
891 2236 977 2284 est
1013 2231 1210 2296 autem,
1249 2235 1468 2300 praeter
1488 2229 1718 2283 Librum
1753 2231 1898 2283 hunc
1944 2230 2012 2282 de
2049 2230 2168 2294 vita

331 2316 719 2369 excellentium
745 2316 1315 2385 Imperatorum,alios
1331 2316 1646 2385 complures
1663 2316 1977 2385 scripsisse,
2003 2330 2167 2385 quOS‚

332 2401 424 2453 vel
447 2402 659 2454 incuria
679 2402 961 2455 hominum
983 2401 1078 2455 vel
1101 2401 1305 2469 injuria
1341 2406 1669 2471 temporum,
1698 2400 2004 2454 amisimus,
2078 2397 2167 2452 Ac

332 2486 511 2554 primo
536 2493 644 2538 tres
672 2485 1047 2540 Historiarum
1071 2487 1264 2551 libros,
1289 2487 1493 2556 quibus
1518 2503 1679 2539 omne
1709 2502 1894 2539 aevum
1921 2483 2171 2554 compre-

332 2569 596 2635 henderit,
638 2571 851 2641 liquido
894 2576 1128 2626 testatur
1167 2570 1418 2624 Catullus
1455 2570 1574 2640 jam
1618 2571 1898 2624 multoties
1943 2570 2167 2634 citatus,

332 2654 489 2708 initio
515 2656 1145 2727 Hendecasyllaborum,
1170 2673 1332 2725 quem
1355 2657 1538 2709 locum
1562 2671 1739 2723 nuper
1761 2654 2133 2708 laudavimus·

625 2744 642 2769 ‘
664 2741 702 2795 J
707 2758 797 2794 am
820 2745 956 2805 tum,
981 2737 1106 2794 cum
1132 2755 1305 2792 ausus
1331 2755 1392 2791 es
1415 2755 1553 2791 unus
1579 2738 1847 2791 Italorum
2159 2727 2165 2738 ¹

660 2823 838 2877 Omne
863 2841 1042 2878 aevum
1065 2823 1242 2875 tribus
1265 2823 1547 2890 explicare
1566 2822 1793 2886 chartiS,

662 2909 886 2972 DoctiS,
906 2908 1162 2977 Jupiter!
1201 2910 1255 2959 et
1279 2905 1616 2970 laboriosiS,'
1641 2910 1740 2959 &c.

337 2992 614 3059 Secunde,
665 3010 726 3046 se
770 2993 976 3046 librum
1020 2991 1088 3044 de
1130 2990 1438 3044 Historicis
1478 2989 1699 3043 Graecis
1748 2990 2172 3061 conscripsisse,

278 3116 280 3119 -
337 3079 574 3147 ipsemet
595 3078 651 3130 in
678 3078 862 3130 Dione
900 3077 987 3129 his
1024 3076 1212 3129 verbis
1237 3081 1632 3128 commemorat
1654 3092 1667 3127 ε
1708 3078 1724 3101 ‘
1753 3074 1866 3128 Sed
1890 3075 1960 3128 de
1986 3076 2091 3131 hoc
2115 3077 2174 3129 in

338 3178 404 3216 eo
429 3179 552 3215 meo
575 3163 719 3216 libro
746 3163 906 3231 plura
931 3166 1059 3214 sunt
1094 3161 1376 3230 exposita,
1401 3159 1587 3229 quide
1609 3160 1916 3214 Historicis
1954 3161 2175 3216 Graecis

339 3249 690 3317 conscriptus
732 3247 851 3300 est.’
926 3241 1229 3311 Praeterea,
1251 3247 1552 3316 separatim
1576 3246 1672 3298 lib.
1701 3246 1770 3299 de
1810 3246 2035 3299 Catonis
2060 3247 2178 3300 vita

338 3333 637 3400 scripsisse
664 3333 917 3402 ejusdem
943 3334 1116 3387 verba
1152 3332 1420 3394 indicant,
1438 3330 1557 3399 jam
1583 3331 1640 3382 in
1679 3330 1892 3383 Catone
1917 3331 2174 3400 superius

336 3407 567 3470 laudata
613 3421 718 3472 sub
769 3419 948 3471 finem.
1023 3418 1300 3472 Chronica
1347 3416 1550 3486 pariter
1601 3416 1920 3484 scripsisse,
1965 3430 2039 3467 ex
2065 3414 2175 3467 'his

335 3498 506 3555 Gellii
528 3504 733 3568 verbiS‚
773 3504 868 3556 lib.
914 3516 1077 3558 xvn.
1117 3505 1211 3560 21.
1257 3503 1665 3576 comperimus:
1719 3504 1736 3530 ‘
1762 3498 1907 3556 Ante
1931 3492 2178 3558 Romam
