2326 3860
1880 278 1989 345 313

163 414 335 468 multo
356 420 484 485 post
507 408 571 469 C.
592 415 933 471 Centenium¹¹
950 425 1425 488 propraetorem‚¹4
1442 437 1566 474 cum
1583 421 1798 476 delecta
1815 419 1997 477 manu¹

164 499 343 553 saltus
361 505 783 569 occupantem?
811 502 963 555 Hinc
978 504 1037 555 in
1053 502 1317 572 Apuliam
1328 507 1623 574 pervenit.¹¹
1661 507 1750 562 Ibi
1768 509 1996 561 obviam

163 584 215 635 ei
259 590 524 637 venerant
579 584 687 637 duo
732 584 1026 651 ConsuleS‚
1066 586 1130 639 C.
1166 589 1500 643 Terentius¹⁵
1543 595 1599 644 et
1642 591 1707 645 L.
1751 592 1993 646 Paullus

164 666 442 720 AEmiliuS.
518 668 824 738 Utriusque
850 671 1132 724 exercitus
1159 689 1268 725 uno
1294 675 1493 742 praelio
1522 675 1734 743 fugavit
1752 683 1799 729 :⁰
1823 677 1994 730 Paul-

165 750 329 804 lum¹‘
352 751 648 806 Consulem
663 754 889 819 occidit,
913 761 967 809 et
990 757 1202 824 aliquot
1219 763 1487 826 praeterea
1503 759 1836 814 Consulares
1854 780 1866 815 ε
1882 769 1905 802 1¹
1941 763 1998 815 in

637 287 833 336 xxm.
898 285 1255 351 ΗΑΝΝιΒΑι,
1295 297 1428 340 οΑι».
1465 288 1528 346 4.,

931 925 1006 941 ΝΟ

166 1032 249 1073 Ed.
270 1032 391 1085 Mag.
407 1032 559 1086 Steph.
591 1033 735 1087 [conf.
753 1036 848 1078 Liv.
869 1049 989 1080 xxn.
1008 1038 1176 1091 7.]-14
1204 1039 1278 1080 Sic
1301 1040 1388 1081 Ms.
1409 1041 1556 1082 Ernst.
1590 1041 1691 1094 [Ed.
1711 1044 1812 1084 Bos.
1832 1038 1997 1095 Wetz.]

167 1086 254 1127 Sed
277 1091 486 1138 proetorem
514 1088 599 1128 Ms.
619 1089 741 1131 Leid.
758 1094 799 1130 2.
829 1092 953 1133 Voss.
984 1096 1024 1134 1.
1054 1097 1093 1133 2.
1119 1097 1160 1134 3.
1180 1093 1294 1134 Edd.
1315 1095 1450 1135 nostri
1478 1100 1748 1137 omnes.-l5
1777 1096 1848 1136 Ita
1867 1098 1998 1137 etiam

169 1141 258 1180 Ms.
274 1141 394 1181 Leid.
419 1145 461 1182 2.
486 1141 609 1183 Voss.
629 1146 670 1183 3.
726 1143 812 1184 Sed
833 1145 1038 1186 Terentius
1063 1147 1186 1188 Varro
1205 1147 1287 1187 Ed.
1310 1149 1460 1188 Lamb.
1478 1150 1646 1190 Reuch.
1702 1150 1809 1190 Mox
1834 1151 2003 1191 Paullus

164 1192 319 1235 aberat
350 1206 376 1234 a
410 1195 498 1235 Ms.
518 1195 638 1236 Leid.
659 1201 700 1247 2.
727 1198 850 1239 Voss.
871 1202 911 1239 3.
943 1200 1026 1241 Ed.
1043 1201 1163 1242 Jeus.
1195 1200 1314 1242 Med.
1344 1202 1448 1254 Arg.
1478 1203 1581 1244 Par.
1601 1203 1701 1246 Ald.
1722 1205 1859 1257 Long.
1879 1205 1999 1256 Mag.

169 1247 322 1299 Stepb.
355 1247 497 1290 Gebh.
549 1249 704 1291 Statim
735 1252 934 1304 AEmylius
963 1253 1044 1295 Ed.
1071 1253 1172 1295 Ald.
1207 1255 1346 1306 Long.
1378 1256 1606 1308 Mag.—-16
1633 1258 1704 1298 Sic
1725 1270 1895 1311 quoque
1916 1259 2002 1299 Ms.

167 1300 295 1343 Leid.
313 1304 355 1343 2.
373 1303 498 1344 Voss.
516 1306 552 1344 1.
567 1307 609 1346 2.
627 1307 666 1346 3.
720 1305 807 1346 Sed
826 1307 876 1347 L.
897 1308 1078 1354 Paullum
1098 1308 1179 1349 Ed.
1200 1309 1348 1351 Lamb.
1366 1309 1523 1351 Patav.
1570 1311 1741 1352 Paulum
1760 1311 1842 1353 Ed.
1861 1312 2001 1365 Loug-

1001 1476 1180 1518 NOTAE

170 1581 281 1636 amn]
309 1583 461 1628 Qualis
479 1585 614 1628 fuerit
634 1588 794 1631 Consul
823 1591 1056 1634 Flaminius

169 1647 319 1690 videre
337 1655 405 1690 est
422 1662 475 1691 ex
492 1652 557 1692 his
587 1653 699 1694 Livii
718 1656 885 1699 verbis:
913 1657 926 1680 ‘
947 1658 1056 1700 Con-

169 1712 235 1751 sul
253 1711 377 1754 ferox
397 1714 451 1754 ab
470 1717 695 1758 consulatu
715 1719 876 1771 priore,
904 1723 952 1761 et
969 1733 1057 1762 non

170 1775 298 1816 modo
315 1776 474 1830 legum,
502 1783 578 1819 aut
597 1779 778 1823 Patrum
797 1782 1057 1837 majestatis,

171 1837 248 1888 sed
264 1850 319 1879 ne
338 1840 532 1881 Deorum
547 1842 722 1895 quidem
737 1845 842 1885 satis
860 1852 1057 1888 metuens

172 1900 294 1943 erat!
348 1903 646 1945 Thrasimenus
665 1919 769 1947 vero
789 1907 907 1949 lacus
928 1909 1057 1950 estin

170 1975 276 2016 agro
307 1965 534 2019 Perusino,
562 1981 675 2010 nunc
705 1971 848 2023 vulgo,
885 1972 998 2024 Lago
1015 1973 1059 2014 di

170 2027 328 2082 Per-giu
342 2042 357 2068 .-
386 2029 441 2069 de
461 2042 545 2083 quo
564 2031 697 2073 Ovid.
716 2032 792 2073 lib.
813 2045 877 2075 vr.
907 2036 1059 2077 Fasto-

172 2093 296 2132 rum:
328 2095 340 2115 ‘
356 2092 456 2133 Sint
497 2093 576 2135 tibi
615 2095 850 2139 Flaminius
880 2099 1061 2153 Thrasy-

173 2165 384 2209 meuaque
401 2157 552 2198 littora
572 2160 735 2202 testes!

200 2242 203 2245 κ
223 2215 239 2252 J
259 2219 361 2259 Cum
378 2220 555 2261 exercitu
572 2221 729 2264 insidiis
758 2225 1059 2268 circumventum

170 2280 334 2335 occidit]
365 2283 620 2326 Flaminium
639 2299 736 2327 cum
755 2288 958 2331 Romanis
976 2290 1059 2332 cir-

171 2346 400 2388 cumclusit
416 2341 511 2389 lacu
528 2355 574 2390 et
589 2352 805 2393 montibus
823 2353 1058 2406 Hannibal,

173 2411 426 2464 hostemque
464 2413 527 2453 sic
566 2414 895 2456 circumclusum
933 2416 1060 2458 militi

172 2486 248 2514 suo
261 2473 316 2514 ad
331 2475 575 2516 satietatem
589 2477 773 2529 praebuit
788 2479 1057 2521 caedendum.

174 2539 351 2582 Quanta
392 2546 539 2582 autem
592 2540 725 2584 fuerit
771 2544 1060 2586 Romanorum

174 2601 337 2654 clades,
382 2603 501 2644 disce
536 2617 591 2645 ex
623 2605 809 2659 Polybio
840 2613 887 2648 et
921 2608 1059 2650 Livio.

174 2664 237 2713 At
253 2664 428 2719 Polybii
447 2667 581 2708 verba
611 2681 695 2709 non
715 2674 932 2711 testantur
965 2672 1061 2712 Fla-

174 2727 352 2769 minium
369 2728 424 2770 ab
441 2730 701 2783 Hannibale,
719 2732 794 2773 sed
812 2745 838 2773 a
856 2732 995 2775 Gallis
1014 2733 1060 2774 iu

176 2789 326 2831 eadem
358 2804 505 2844 pugna
541 2793 833 2847 interemtum,
869 2795 939 2837 cui
968 2795 1060 2849 qui-

175 2853 275 2894 dem
313 2854 558 2907 prodigiosa
605 2858 727 2910 signa
761 2859 1059 2902 imminentem

175 2916 238 2957 illi
255 2916 425 2958 cladem
445 2918 755 2969 praedixerant.

231 2977 252 3006 ¹⁸
282 2978 331 3021 C.
361 2979 613 3034 Centenium]
659 2981 746 3024 Alii
780 2984 1061 3034 Canonium,-

178 3054 306 3096 quem
337 3055 364 3083 a
396 3043 560 3085 Senatu
587 3052 741 3087 contra
773 3047 1062 3090 Hannibalem

177 3105 349 3147 missum
362 3107 509 3147 scribit
521 3107 683 3151 Livius.
733 3110 945 3163 Polybius
960 3123 1063 3151 vero

178 3169 292 3209 hunc
324 3180 350 3208 a
380 3170 459 3209 Cn.
478 3170 663 3211 Servilio
693 3173 832 3213 altero
861 3173 1063 3224 Consule,

180 3231 329 3272 audito
348 3231 604 3273 Hannibalis
623 3233 666 3273 in
686 3234 903 3275 Etruriam
923 3243 1062 3276 trans-

179 3294 260 3347 itu,
286 3294 549 3347 praemissum
568 3294 722 3336 refert.

234 3355 246 3384 ¹
275 3359 378 3398 Cum
395 3359 541 3398 delecta
558 3357 694 3410 manu]
736 3358 947 3400 Nimirum
966 3371 1064 3401 cum

183 3431 260 3460 sex
278 3420 350 3461 vel
368 3426 469 3476 octo
489 3421 685 3475 equitum
700 3421 903 3475 millibus,
921 3421 956 3463 si
976 3421 1064 3475 Ap-

183 3482 312 3536 piano
341 3483 556 3526 credimus
584 3484 628 3525 iu
659 3483 896 3526 Hannibal.
950 3485 1066 3529 Qua-

187 3551 420 3599 tuor·vero‚
439 3545 476 3587 si
494 3545 694 3601 Polybio,
710 3550 762 3588 et
777 3546 910 3591 Livio.

1177 1599 1207 1620 ¹¹¹
1235 1593 1369 1634 Saltus
1386 1590 1651 1644 occupantem]
1679 1591 1778 1632 Hoc
1797 1595 1882 1641 est,
1894 1591 2005 1643 juga

1123 1655 1330 1704 montium
1347 1660 1583 1708 praerupta‚
1596 1662 1641 1696 et
1653 1655 1818 1696 viarum
1836 1652 2005 1694 anfrac-

1124 1723 1195 1760 tus
1209 1719 1339 1771 sylvis
1357 1719 1586 1771 obductos,
1600 1732 1685 1773 qua
1698 1717 2005 1760 transeundum

1123 1785 1219 1821 erat
1238 1781 1490 1833 Hannibali,
1509 1781 1582 1821 ubi
1603 1794 1627 1821 a
1646 1780 1789 1822 fronte
1809 1786 1856 1822 et
1875 1793 1901 1821 a
1919 1780 2006 1821 ter·

1121 1855 1176 1895 go
1194 1843 1509 1884 circumventus
1529 1843 1674 1895 periit.

1177 1911 1198 1931 ³
1226 1905 1336 1946 Hinc
1349 1906 1391 1945 in
1404 1905 1591 1958 Apuliam
1603 1905 1802 1958 pervenit]
1829 1905 2010 1958 Apulia,

1124 1968 1270 2010 Italiae
1291 1969 1430 2020 regio,
1453 1970 1560 2009 mari
1591 1968 1818 2009 Adriatico
1835 1973 2007 2009 conter-

1124 2032 1255 2083 mina,
1287 2044 1382 2084 quae
1401 2036 1446 2072 et
1477 2031 1659 2083 Iapygia
1688 2031 1807 2072 dicta
1837 2037 1928 2080 est3
1960 2032 2006 2072 in

1125 2107 1208 2148 qua
1228 2094 1388 2135 Cannae
1408 2093 1604 2145 ignobilis
1627 2093 1763 2144 vicus,
1769 2094 1900 2146 juxta
1922 2093 2008 2134 Au-

1123 2156 1256 2198 fidum
1292 2167 1475 2207 amnem,
1514 2155 1683 2208 ingenti
1720 2157 2008 2196 Romanorum

1123 2220 1420 2261 internecione
1451 2220 1506 2260 ab
1539 2218 1782 2260 Hannibale
1809 2218 2009 2260 nobilita·

1126 2289 1213 2326 tus.

1178 2352 1198 2373 ⁰
1231 2347 1442 2398 Utriusque
1471 2346 1668 2387 exercitae
1684 2358 1759 2386 uno
1772 2344 1913 2398 proelio
1935 2344 2008 2395 fu-

1122 2410 1254 2462 gavit]
1283 2411 1458 2453 Quanta
1485 2409 1621 2450 fuerit
1641 2410 1764 2450 Rom.
1789 2408 1933 2449 clades
1953 2408 2008 2449 ad

1127 2471 1311 2525 Cannas,
1326 2473 1472 2514 exhoc
1486 2472 1670 2525 intelligi
1685 2477 1851 2525 potest3
1879 2471 2012 2525 quod,
2044 2475 2048 2479 '

1126 2542 1176 2578 ut
1206 2538 1358 2578 Florus
1393 2535 1545 2587 refert,
1581 2536 1666 2576 duo
1698 2534 1759 2574 illi
1792 2534 2009 2575 exercitus

1127 2599 1227 2640 caesi
1262 2605 1379 2650 sunt,
1413 2599 1553 2639 donec
1590 2597 1810 2638 Hannibal
1842 2596 2011 2638 diceret

1125 2661 1253 2703 militi
1272 2674 1365 2713 suo,
1382 2661 1395 2684 ‘
1414 2663 1549 2702 Parce
1565 2658 1682 2701 ferro
1697 2659 1723 2712 ;’
1754 2659 1887 2713 quod,
1907 2660 2012 2701 alte-

1127 2738 1175 2766 ro
1188 2726 1373 2767 Consule
1387 2724 1595 2777 fugiente,
1609 2724 1721 2764 alter
1735 2723 1902 2764 occisus
1917 2727 1984 2764 est
1996 2736 2010 2774 ;

1126 2788 1242 2842 quod
1287 2794 1491 2829 cruentus
1535 2786 1783 2840 aliquandiu
1827 2785 2012 2829 Aufidus

1126 2852 1286 2904 amnis3
1328 2852 1441 2904 quod
1475 2862 1582 2903 pons
1609 2849 1863 2892 Hannibalis
1885 2850 2013 2902 jussu

1128 2926 1182 2954 ex
1202 2914 1485 2955 cadaveribus
1515 2913 1657 2955 factus
1675 2918 1765 2964 est;
1791 2913 1903 2966 quod
1924 2925 2012 2953 mo·

1128 2977 1189 3019 dii
1207 2978 1294 3019 duo
1310 2978 1561 3018 annulorum
1576 2977 1877 3028 Carthaginem
1893 2975 2013 3016 missi

1129 3045 1255 3091 suut;
1299 3040 1414 3094 quod
1450 3044 1518 3082 80.
1573 3039 1817 3090 Senatores,
1851 3038 2015 3079 Consu-

1129 3103 1241 3144 lares
1260 3108 1390 3156 atque
1406 3103 1624 3153 Praetorii,
1646 3107 1720 3142 aut
1737 3100 1919 3141 AEdilitii
1939 3100 2014 3141 tri-

1131 3167 1251 3219 ginta
1267 3165 1328 3206 ibi
1358 3165 1535 3206 fuerunt
1565 3165 1785 3205 trucidati.
1843 3164 1939 3206 Qua
1958 3163 2014 3205 de

1129 3241 1177 3269 re
1195 3228 1295 3269 vide
1313 3229 1494 3281 amplius
1512 3226 1754 3280 Polybium,
1766 3231 1812 3267 et
1827 3227 2014 3282 Livium,

1130 3291 1207 3332 lib.
1226 3302 1345 3331 xxu.
1715 3342 1718 3345 Α

1183 3361 1205 3389 1³
1227 3356 1407 3396 Paullum
1426 3356 1629 3396 Consulem
1642 3353 1800 3406 occidit,
1814 3358 1852 3396 et
1865 3354 2014 3407 aliquot

1127 3423 1322 3473 praterea
1350 3418 1598 3471 Consulares]
1635 3418 1748 3459 Vide
1775 3418 2019 3459 annotatio·

1129 3495 1230 3525 nem
1255 3481 1531 3535 superiorem.
1586 3481 1762 3522 Paullus
1780 3480 2015 3525 secundum

1133 3546 1401 3593 consulatum
1416 3545 1687 3600 agebat,·quo
1699 3549 1893 3599 tempore
1905 3555 2015 3586 mor-
