<?xml version="1.0" encoding="UTF-8"?>
<!DOCTYPE html PUBLIC "-//W3C//DTD XHTML 1.0 Transitional//EN"
    "http://www.w3.org/TR/xhtml1/DTD/xhtml1-transitional.dtd">
<html xmlns="http://www.w3.org/1999/xhtml" xml:lang="en" lang="en">
 <head>
  <title>
</title>
<meta http-equiv="Content-Type" content="text/html;charset=utf-8" />
  <meta name='ocr-system' content='tesseract 3.04.00' />
  <meta name='ocr-capabilities' content='ocr_page ocr_carea ocr_par ocr_line ocrx_word'/>
</head>
<body>
  <div class='ocr_page' id='page_1' title='image "./vitaeexcellentiu01nepouoft_0441.png"; bbox 0 0 2326 3860; ppageno 0'>
   <div class='ocr_carea' id='block_1_1' title="bbox 729 252 1613 329">
    <p class='ocr_par' dir='ltr' id='par_1_1' title="bbox 729 252 1613 329">
     <span class='ocr_line' id='line_1_1' title="bbox 729 252 1613 329; baseline 0.006 -28"><span class='ocrx_word' id='word_1_1' title='bbox 729 263 796 302; x_wconf 90' lang='lat'><strong>·1·.</strong></span> <span class='ocrx_word' id='word_1_2' title='bbox 859 262 1248 312; x_wconf 68' lang='lat' dir='ltr'><strong>mmmmm,</strong></span> <span class='ocrx_word' id='word_1_3' title='bbox 1287 263 1422 303; x_wconf 65' lang='lat' dir='ltr'><strong>oar.</strong></span> <span class='ocrx_word' id='word_1_4' title='bbox 1459 252 1530 306; x_wconf 81' lang='grc'><strong>8.-</strong></span> <span class='ocrx_word' id='word_1_5' title='bbox 1605 319 1613 329; x_wconf 41' lang='grc' dir='ltr'><em>Ι</em></span> 
     </span>
    </p>
   </div>
   <div class='ocr_carea' id='block_1_2' title="bbox 195 377 1106 3555">
    <p class='ocr_par' dir='ltr' id='par_1_2' title="bbox 207 377 1106 1765">
     <span class='ocr_line' id='line_1_2' title="bbox 219 377 1106 424; baseline 0.002 -3"><span class='ocrx_word' id='word_1_6' title='bbox 219 377 627 423; x_wconf 61' lang='grc' dir='ltr'><strong>ἆοὲὲοωπίΐιαιιυι</strong></span> <span class='ocrx_word' id='word_1_7' title='bbox 651 382 695 423; x_wconf 83' lang='grc' dir='ltr'><strong>ἰιι</strong></span> <span class='ocrx_word' id='word_1_8' title='bbox 723 383 884 423; x_wconf 79' lang='lat' dir='ltr'><strong>omneis</strong></span> <span class='ocrx_word' id='word_1_9' title='bbox 901 382 1106 424; x_wconf 78' lang='lat' dir='ltr'><strong>Pisistra-</strong></span> 
     </span>
     <span class='ocr_line' id='line_1_3' title="bbox 222 443 1104 501; baseline 0.005 -16"><span class='ocrx_word' id='word_1_10' title='bbox 222 443 482 498; x_wconf 61' lang='lat' dir='ltr'><strong>fidaslowe-</strong></span> <span class='ocrx_word' id='word_1_11' title='bbox 510 447 819 498; x_wconf 72' lang='lat' dir='ltr'><strong>asperrimum3</strong></span> <span class='ocrx_word' id='word_1_12' title='bbox 849 448 970 501; x_wconf 78' lang='lat' dir='ltr'><strong>cujus</strong></span> <span class='ocrx_word' id='word_1_13' title='bbox 987 461 1104 490; x_wconf 84' lang='lat' dir='ltr'><strong>men·</strong></span> 
     </span>
     <span class='ocr_line' id='line_1_4' title="bbox 219 506 1105 564; baseline 0.003 -16"><span class='ocrx_word' id='word_1_14' title='bbox 219 506 280 548; x_wconf 81' lang='lat' dir='ltr'><strong>tio</strong></span> <span class='ocrx_word' id='word_1_15' title='bbox 313 514 380 548; x_wconf 90' lang='lat' dir='ltr'><strong>est</strong></span> <span class='ocrx_word' id='word_1_16' title='bbox 416 508 460 548; x_wconf 89' lang='lat' dir='ltr'><strong>in</strong></span> <span class='ocrx_word' id='word_1_17' title='bbox 494 509 568 548; x_wconf 90' lang='lat' dir='ltr'><strong>illo</strong></span> <span class='ocrx_word' id='word_1_18' title='bbox 601 510 804 550; x_wconf 82' lang='lat' dir='ltr'><strong>adversus</strong></span> <span class='ocrx_word' id='word_1_19' title='bbox 840 512 1105 564; x_wconf 84' lang='lat' dir='ltr'><strong>Philippum,-</strong></span> 
     </span>
     <span class='ocr_line' id='line_1_5' title="bbox 218 571 1100 625; baseline 0.005 -14"><span class='ocrx_word' id='word_1_20' title='bbox 218 571 335 624; x_wconf 86' lang='lat' dir='ltr'><strong>quod</strong></span> <span class='ocrx_word' id='word_1_21' title='bbox 350 578 494 612; x_wconf 85' lang='lat' dir='ltr'><strong>exstat</strong></span> <span class='ocrx_word' id='word_1_22' title='bbox 510 573 622 625; x_wconf 81' lang='lat' dir='ltr'><strong>apud</strong></span> <span class='ocrx_word' id='word_1_23' title='bbox 643 574 807 614; x_wconf 88' lang='lat' dir='ltr'><strong>Livium</strong></span> <span class='ocrx_word' id='word_1_24' title='bbox 827 575 851 615; x_wconf 92' lang='lat' dir='ltr'><strong>l.</strong></span> <span class='ocrx_word' id='word_1_25' title='bbox 867 586 1001 615; x_wconf 81' lang='lat' dir='ltr'><strong>xxxi.</strong></span> <span class='ocrx_word' id='word_1_26' title='bbox 1033 574 1100 615; x_wconf 88' lang='lat' dir='ltr'><strong>Ac</strong></span> 
     </span>
     <span class='ocr_line' id='line_1_6' title="bbox 219 637 1100 688; baseline 0.005 -13"><span class='ocrx_word' id='word_1_27' title='bbox 219 639 309 676; x_wconf 87' lang='lat' dir='ltr'><strong>tam</strong></span> <span class='ocrx_word' id='word_1_28' title='bbox 330 639 542 688; x_wconf 74' lang='lat' dir='ltr'>pertinaci</span> <span class='ocrx_word' id='word_1_29' title='bbox 559 637 658 678; x_wconf 89' lang='lat' dir='ltr'><strong>odio</strong></span> <span class='ocrx_word' id='word_1_30' title='bbox 677 650 749 678; x_wconf 80' lang='lat' dir='ltr'><strong>eos</strong></span> <span class='ocrx_word' id='word_1_31' title='bbox 770 638 922 679; x_wconf 83' lang='lat' dir='ltr'><strong>deinde</strong></span> <span class='ocrx_word' id='word_1_32' title='bbox 943 639 1100 679; x_wconf 84' lang='lat' dir='ltr'><strong>habue-</strong></span> 
     </span>
     <span class='ocr_line' id='line_1_7' title="bbox 219 701 1100 754; baseline 0.007 -15"><span class='ocrx_word' id='word_1_33' title='bbox 219 705 334 750; x_wconf 87' lang='lat' dir='ltr'><strong>runt,</strong></span> <span class='ocrx_word' id='word_1_34' title='bbox 355 706 400 740; x_wconf 90' lang='lat' dir='ltr'><strong>ut</strong></span> <span class='ocrx_word' id='word_1_35' title='bbox 420 712 472 740; x_wconf 91' lang='lat' dir='ltr'><strong>ne</strong></span> <span class='ocrx_word' id='word_1_36' title='bbox 489 701 660 754; x_wconf 87' lang='lat' dir='ltr'><strong>quidem</strong></span> <span class='ocrx_word' id='word_1_37' title='bbox 678 709 861 754; x_wconf 88' lang='lat' dir='ltr'><strong>accepta</strong></span> <span class='ocrx_word' id='word_1_38' title='bbox 879 703 921 742; x_wconf 92' lang='lat' dir='ltr'><strong>in</strong></span> <span class='ocrx_word' id='word_1_39' title='bbox 953 703 1100 745; x_wconf 86' lang='lat' dir='ltr'><strong>Sicilia</strong></span> 
     </span>
     <span class='ocr_line' id='line_1_8' title="bbox 217 763 1103 818; baseline 0.003 -14"><span class='ocrx_word' id='word_1_40' title='bbox 217 763 360 811; x_wconf 83' lang='lat' dir='ltr'><strong>clade,</strong></span> <span class='ocrx_word' id='word_1_41' title='bbox 403 765 447 804; x_wconf 90' lang='lat' dir='ltr'><strong>in</strong></span> <span class='ocrx_word' id='word_1_42' title='bbox 485 765 718 805; x_wconf 84' lang='lat' dir='ltr'><strong>discrimen</strong></span> <span class='ocrx_word' id='word_1_43' title='bbox 755 778 876 806; x_wconf 88' lang='lat' dir='ltr'><strong>snum</strong></span> <span class='ocrx_word' id='word_1_44' title='bbox 910 766 1103 818; x_wconf 82' lang='lat' dir='ltr'><strong>adducti,</strong></span> 
     </span>
     <span class='ocr_line' id='line_1_9' title="bbox 217 829 1100 881; baseline 0.003 -15"><span class='ocrx_word' id='word_1_45' title='bbox 217 832 318 879; x_wconf 83' lang='lat' dir='ltr'><strong>post</strong></span> <span class='ocrx_word' id='word_1_46' title='bbox 333 840 463 867; x_wconf 83' lang='lat' dir='ltr'><strong>annos</strong></span> <span class='ocrx_word' id='word_1_47' title='bbox 484 829 714 881; x_wconf 78' lang='lat' dir='ltr'><strong>nonaginta</strong></span> <span class='ocrx_word' id='word_1_48' title='bbox 733 829 855 877; x_wconf 72' lang='lat' dir='ltr'><strong>ditos,</strong></span> <span class='ocrx_word' id='word_1_49' title='bbox 881 841 983 871; x_wconf 86' lang='lat' dir='ltr'><strong>eum·</strong></span> <span class='ocrx_word' id='word_1_50' title='bbox 997 841 1100 870; x_wconf 85' lang='lat' dir='ltr'><strong>exu-</strong></span> 
     </span>
     <span class='ocr_line' id='line_1_10' title="bbox 213 887 1101 946; baseline 0.002 -15"><span class='ocrx_word' id='word_1_51' title='bbox 213 890 327 932; x_wconf 81' lang='lat' dir='ltr'><strong>libus</strong></span> <span class='ocrx_word' id='word_1_52' title='bbox 361 892 688 946; x_wconf 83' lang='lat' dir='ltr'><strong>quibuscunque</strong></span> <span class='ocrx_word' id='word_1_53' title='bbox 718 892 903 933; x_wconf 77' lang='lat' dir='ltr'><strong>reditum</strong></span> <span class='ocrx_word' id='word_1_54' title='bbox 932 887 1101 945; x_wconf 77' lang='lat' dir='ltr'><strong>darent,</strong></span> 
     </span>
     <span class='ocr_line' id='line_1_11' title="bbox 214 954 1098 1009; baseline 0.002 -14"><span class='ocrx_word' id='word_1_55' title='bbox 214 954 505 996; x_wconf 82' lang='lat' dir='ltr'><strong>instaurandae</strong></span> <span class='ocrx_word' id='word_1_56' title='bbox 534 957 784 1009; x_wconf 87' lang='lat' dir='ltr'><strong>reipublicae</strong></span> <span class='ocrx_word' id='word_1_57' title='bbox 806 957 882 996; x_wconf 89' lang='lat' dir='ltr'><strong>hos</strong></span> <span class='ocrx_word' id='word_1_58' title='bbox 903 956 1098 1009; x_wconf 85' lang='lat' dir='ltr'><strong>recipere</strong></span> 
     </span>
     <span class='ocr_line' id='line_1_12' title="bbox 214 1012 1097 1074; baseline 0.003 -15"><span class='ocrx_word' id='word_1_59' title='bbox 214 1019 446 1060; x_wconf 86' lang='lat' dir='ltr'><strong>voluerint.</strong></span> <span class='ocrx_word' id='word_1_60' title='bbox 459 1021 739 1060; x_wconf 81' lang='lat' dir='ltr'><strong>Marcellinus</strong></span> <span class='ocrx_word' id='word_1_61' title='bbox 750 1020 792 1060; x_wconf 88' lang='lat' dir='ltr'><strong>in</strong></span> <span class='ocrx_word' id='word_1_62' title='bbox 807 1021 895 1060; x_wconf 83' lang='lat' dir='ltr'><strong>vita</strong></span> <span class='ocrx_word' id='word_1_63' title='bbox 903 1012 1097 1074; x_wconf 78' lang='lat' dir='ltr'><strong>Thucyd.</strong></span> 
     </span>
     <span class='ocr_line' id='line_1_13' title="bbox 211 1083 1096 1125; baseline 0.001 -1"><span class='ocrx_word' id='word_1_64' title='bbox 211 1083 285 1124; x_wconf 88' lang='lat' dir='ltr'><strong>De</strong></span> <span class='ocrx_word' id='word_1_65' title='bbox 316 1097 446 1125; x_wconf 85' lang='lat' dir='ltr'><strong>exoso</strong></span> <span class='ocrx_word' id='word_1_66' title='bbox 466 1087 635 1124; x_wconf 88' lang='lat' dir='ltr'><strong>nomine</strong></span> <span class='ocrx_word' id='word_1_67' title='bbox 656 1084 734 1124; x_wconf 89' lang='lat' dir='ltr'><strong>sub</strong></span> <span class='ocrx_word' id='word_1_68' title='bbox 754 1085 1006 1124; x_wconf 81' lang='lat' dir='ltr'><strong>ostracismo</strong></span> <span class='ocrx_word' id='word_1_69' title='bbox 1028 1084 1096 1125; x_wconf 89' lang='lat' dir='ltr'><strong>Ci-</strong></span> 
     </span>
     <span class='ocr_line' id='line_1_14' title="bbox 213 1147 1098 1192; baseline -0.001 -2"><span class='ocrx_word' id='word_1_70' title='bbox 213 1149 350 1192; x_wconf 79' lang='lat' dir='ltr'><strong>monis</strong></span> <span class='ocrx_word' id='word_1_71' title='bbox 365 1154 411 1188; x_wconf 86' lang='lat' dir='ltr'><strong>et</strong></span> <span class='ocrx_word' id='word_1_72' title='bbox 427 1148 727 1188; x_wconf 84' lang='lat' dir='ltr'><strong>Themistoclis</strong></span> <span class='ocrx_word' id='word_1_73' title='bbox 743 1160 851 1187; x_wconf 88' lang='lat' dir='ltr'><strong>unus</strong></span> <span class='ocrx_word' id='word_1_74' title='bbox 866 1147 998 1187; x_wconf 87' lang='lat' dir='ltr'><strong>instat</strong></span> <span class='ocrx_word' id='word_1_75' title='bbox 1012 1160 1098 1189; x_wconf 85' lang='lat' dir='ltr'><strong>om·</strong></span> 
     </span>
     <span class='ocr_line' id='line_1_15' title="bbox 210 1211 1098 1254; baseline 0 -1"><span class='ocrx_word' id='word_1_76' title='bbox 210 1211 328 1253; x_wconf 84' lang='lat' dir='ltr'><strong>nium</strong></span> <span class='ocrx_word' id='word_1_77' title='bbox 349 1211 566 1252; x_wconf 83' lang='lat' dir='ltr'><strong>Aristides</strong></span> <span class='ocrx_word' id='word_1_78' title='bbox 597 1213 639 1251; x_wconf 91' lang='lat' dir='ltr'><strong>in</strong></span> <span class='ocrx_word' id='word_1_79' title='bbox 672 1212 864 1253; x_wconf 87' lang='lat' dir='ltr'><strong>oratione</strong></span> <span class='ocrx_word' id='word_1_80' title='bbox 894 1211 948 1251; x_wconf 89' lang='lat' dir='ltr'><strong>de</strong></span> <span class='ocrx_word' id='word_1_81' title='bbox 980 1212 1098 1254; x_wconf 79' lang='lat' dir='ltr'><strong>Qua·</strong></span> 
     </span>
     <span class='ocr_line' id='line_1_16' title="bbox 213 1275 1096 1328; baseline 0 -11"><span class='ocrx_word' id='word_1_82' title='bbox 213 1281 311 1317; x_wconf 79' lang='lat' dir='ltr'><strong>tuor</strong></span> <span class='ocrx_word' id='word_1_83' title='bbox 330 1277 432 1316; x_wconf 78' lang='lat' dir='ltr'><strong>viris</strong></span> <span class='ocrx_word' id='word_1_84' title='bbox 450 1291 460 1317; x_wconf 87' lang='lat'>:</span> <span class='ocrx_word' id='word_1_85' title='bbox 489 1277 657 1316; x_wconf 85' lang='grc' dir='ltr'><strong><em>Δοκοῦσι</em></strong></span> <span class='ocrx_word' id='word_1_86' title='bbox 675 1275 754 1328; x_wconf 71' lang='grc' dir='ltr'><strong>γάρ</strong></span> <span class='ocrx_word' id='word_1_87' title='bbox 770 1291 835 1326; x_wconf 86' lang='grc' dir='ltr'><strong>μοι</strong></span> <span class='ocrx_word' id='word_1_88' title='bbox 848 1275 904 1328; x_wconf 77' lang='grc' dir='ltr'><strong>[οἱ</strong></span> <span class='ocrx_word' id='word_1_89' title='bbox 922 1275 1096 1325; x_wconf 76' lang='grc' dir='ltr'><strong><em>Ἀθηναι-</em></strong></span> 
     </span>
     <span class='ocr_line' id='line_1_17' title="bbox 211 1337 1097 1392; baseline 0 -12"><span class='ocrx_word' id='word_1_90' title='bbox 211 1337 280 1391; x_wconf 84' lang='grc' dir='ltr'><strong>οι],</strong></span> <span class='ocrx_word' id='word_1_91' title='bbox 311 1339 383 1380; x_wconf 79' lang='grc' dir='ltr'><strong>τὰς</strong></span> <span class='ocrx_word' id='word_1_92' title='bbox 411 1339 611 1392; x_wconf 74' lang='grc' dir='ltr'><strong><em>συμφορὰς</em></strong></span> <span class='ocrx_word' id='word_1_93' title='bbox 635 1338 916 1391; x_wconf 79' lang='grc' dir='ltr'><strong><em>ἐνθυμούμενοι,</em></strong></span> <span class='ocrx_word' id='word_1_94' title='bbox 933 1338 1007 1380; x_wconf 69' lang='grc' dir='ltr'><strong>τὰς</strong></span> <span class='ocrx_word' id='word_1_95' title='bbox 1034 1340 1097 1381; x_wconf 73' lang='grc' dir='ltr'><strong>ἐπὶ</strong></span> 
     </span>
     <span class='ocr_line' id='line_1_18' title="bbox 210 1402 1096 1456; baseline 0.003 -14"><span class='ocrx_word' id='word_1_96' title='bbox 210 1404 289 1442; x_wconf 75' lang='grc' dir='ltr'><strong><em>τῶν</em></strong></span> <span class='ocrx_word' id='word_1_97' title='bbox 316 1406 643 1455; x_wconf 73' lang='grc' dir='ltr'>Πεισιστρατιδῶν</span> <span class='ocrx_word' id='word_1_98' title='bbox 677 1402 903 1456; x_wconf 61' lang='grc' dir='ltr'><strong><em>γενομένῳ».</em></strong></span> <span class='ocrx_word' id='word_1_99' title='bbox 928 1404 1096 1455; x_wconf 73' lang='grc' dir='ltr'><strong>ἑαυτοῖς,</strong></span> 
     </span>
     <span class='ocr_line' id='line_1_19' title="bbox 208 1460 1098 1520; baseline 0.001 -13"><span class='ocrx_word' id='word_1_100' title='bbox 208 1464 585 1517; x_wconf 45' lang='grc' dir='ltr'><strong><em>μηδέναιβούλεσθαι</em></strong></span> <span class='ocrx_word' id='word_1_101' title='bbox 602 1466 739 1519; x_wconf 74' lang='grc' dir='ltr'><strong><em>μεῖζον</em></strong></span> <span class='ocrx_word' id='word_1_102' title='bbox 755 1468 824 1520; x_wconf 71' lang='grc' dir='ltr'><strong><em>ἐᾷν</em></strong></span> <span class='ocrx_word' id='word_1_103' title='bbox 839 1460 920 1507; x_wconf 58' lang='grc' dir='ltr'><strong><em>’νῶν</em></strong></span> <span class='ocrx_word' id='word_1_104' title='bbox 933 1470 1098 1508; x_wconf 75' lang='grc' dir='ltr'><strong><em>πολλῶν</em></strong></span> 
     </span>
     <span class='ocr_line' id='line_1_20' title="bbox 208 1530 1093 1584; baseline 0.005 -14"><span class='ocrx_word' id='word_1_105' title='bbox 208 1533 379 1584; x_wconf 75' lang='grc' dir='ltr'><strong><em>φρονεῖν,</em></strong></span> <span class='ocrx_word' id='word_1_106' title='bbox 405 1532 499 1572; x_wconf 78' lang='grc' dir='ltr'>ἀλλ’</span> <span class='ocrx_word' id='word_1_107' title='bbox 529 1533 569 1583; x_wconf 80' lang='grc' dir='ltr'><strong>ἐξ</strong></span> <span class='ocrx_word' id='word_1_108' title='bbox 594 1533 682 1571; x_wconf 73' lang='grc' dir='ltr'><strong><em>ἴσου</em></strong></span> <span class='ocrx_word' id='word_1_109' title='bbox 710 1531 763 1572; x_wconf 79' lang='grc' dir='ltr'><strong>εἷς</strong></span> <span class='ocrx_word' id='word_1_110' title='bbox 794 1530 953 1582; x_wconf 75' lang='grc' dir='ltr'><strong><em>δύναμιν</em></strong></span> <span class='ocrx_word' id='word_1_111' title='bbox 983 1531 1093 1575; x_wconf 75' lang='grc' dir='ltr'><strong><em>εἶναι.</em></strong></span> 
     </span>
     <span class='ocr_line' id='line_1_21' title="bbox 208 1593 1095 1647; baseline 0.002 -12"><span class='ocrx_word' id='word_1_112' title='bbox 208 1593 336 1635; x_wconf 75' lang='grc' dir='ltr'><strong><em>δίκαια</em></strong></span> <span class='ocrx_word' id='word_1_113' title='bbox 364 1594 438 1647; x_wconf 70' lang='grc' dir='ltr'><strong>ἄρα</strong></span> <span class='ocrx_word' id='word_1_114' title='bbox 470 1594 636 1646; x_wconf 79' lang='grc' dir='ltr'><strong><em>ἐποίουν,</em></strong></span> <span class='ocrx_word' id='word_1_115' title='bbox 684 1594 914 1636; x_wconf 78' lang='grc' dir='ltr'><strong><em>ἐλαύνοντες</em></strong></span> <span class='ocrx_word' id='word_1_116' title='bbox 939 1597 1095 1646; x_wconf 78' lang='grc' dir='ltr'><strong><em>Κίμωνα</em></strong></span> 
     </span>
     <span class='ocr_line' id='line_1_22' title="bbox 207 1657 1096 1713; baseline 0.004 -15"><span class='ocrx_word' id='word_1_117' title='bbox 207 1657 274 1699; x_wconf 72' lang='grc' dir='ltr'><strong>καὶ</strong></span> <span class='ocrx_word' id='word_1_118' title='bbox 301 1657 587 1708; x_wconf 74' lang='grc' dir='ltr'><strong>Θεμιστοκλέα.</strong></span> <span class='ocrx_word' id='word_1_119' title='bbox 610 1669 616 1674; x_wconf 88' lang='grc'><em>“</em></span> <span class='ocrx_word' id='word_1_120' title='bbox 657 1658 768 1699; x_wconf 85' lang='lat' dir='ltr'><strong>Vide</strong></span> <span class='ocrx_word' id='word_1_121' title='bbox 800 1660 1096 1713; x_wconf 74' lang='lat' dir='ltr'><strong>Thucydidem·</strong></span> 
     </span>
     <span class='ocr_line' id='line_1_23' title="bbox 208 1722 948 1774; baseline 0 -10"><span class='ocrx_word' id='word_1_122' title='bbox 208 1723 263 1764; x_wconf 91' lang='lat' dir='ltr'><strong>de</strong></span> <span class='ocrx_word' id='word_1_123' title='bbox 284 1722 526 1774; x_wconf 82' lang='lat' dir='ltr'><strong>Alcibiade,</strong></span> <span class='ocrx_word' id='word_1_124' title='bbox 543 1723 617 1764; x_wconf 89' lang='lat' dir='ltr'><strong>lib.</strong></span> <span class='ocrx_word' id='word_1_125' title='bbox 636 1733 704 1763; x_wconf 78' lang='lat' dir='ltr'><strong>Vl.</strong></span> <span class='ocrx_word' id='word_1_126' title='bbox 733 1723 948 1766; x_wconf 73' lang='lat' dir='ltr'><strong>Meursius.</strong></span> 
     </span>
    </p>

    <p class='ocr_par' dir='ltr' id='par_1_3' title="bbox 207 1787 1091 1895">
     <span class='ocr_line' id='line_1_24' title="bbox 263 1787 1091 1840; baseline -0.001 -11"><span class='ocrx_word' id='word_1_127' title='bbox 263 1788 465 1830; x_wconf 72' lang='lat' dir='ltr'><strong>Multum</strong></span> <span class='ocrx_word' id='word_1_128' title='bbox 450 1800 494 1828; x_wconf 73' lang='lat' dir='ltr'><strong>nn</strong></span> <span class='ocrx_word' id='word_1_129' title='bbox 504 1787 701 1840; x_wconf 71' lang='lat' dir='ltr'><strong>imperiis]</strong></span> <span class='ocrx_word' id='word_1_130' title='bbox 721 1787 971 1840; x_wconf 71' lang='lat' dir='ltr'><strong>Mag-nisque,</strong></span> <span class='ocrx_word' id='word_1_131' title='bbox 986 1789 1091 1830; x_wconf 88' lang='lat' dir='ltr'><strong>Cod.</strong></span> 
     </span>
     <span class='ocr_line' id='line_1_25' title="bbox 207 1850 569 1895; baseline -0.009 0"><span class='ocrx_word' id='word_1_132' title='bbox 207 1850 386 1895; x_wconf 80' lang='lat' dir='ltr'><strong>Git&#39;anii.</strong></span> <span class='ocrx_word' id='word_1_133' title='bbox 414 1851 569 1893; x_wconf 71' lang='lat' dir='ltr'><strong>Schott.</strong></span> 
     </span>
    </p>

    <p class='ocr_par' dir='ltr' id='par_1_4' title="bbox 199 1913 1091 2602">
     <span class='ocr_line' id='line_1_26' title="bbox 218 1913 1091 1967; baseline -0.001 -11.949"><span class='ocrx_word' id='word_1_134' title='bbox 218 1915 357 1956; x_wconf 72' lang='lat' dir='ltr'><strong>Non</strong></span> <span class='ocrx_word' id='word_1_135' title='bbox 388 1915 597 1956; x_wconf 77' lang='lat' dir='ltr'><strong>videbatur</strong></span> <span class='ocrx_word' id='word_1_136' title='bbox 636 1927 746 1967; x_wconf 77' lang='lat' dir='ltr'><strong>posse</strong></span> <span class='ocrx_word' id='word_1_137' title='bbox 780 1926 860 1954; x_wconf 82' lang='lat' dir='ltr'><strong>esse</strong></span> <span class='ocrx_word' id='word_1_138' title='bbox 889 1913 1091 1967; x_wconf 78' lang='lat' dir='ltr'><strong>privatus]</strong></span> 
     </span>
     <span class='ocr_line' id='line_1_27' title="bbox 204 1977 1090 2031; baseline -0.002 -11"><span class='ocrx_word' id='word_1_139' title='bbox 204 1977 343 2020; x_wconf 79' lang='lat' dir='ltr'><strong>Tanta</strong></span> <span class='ocrx_word' id='word_1_140' title='bbox 374 1983 443 2020; x_wconf 88' lang='lat' dir='ltr'><strong>est</strong></span> <span class='ocrx_word' id='word_1_141' title='bbox 475 1978 644 2030; x_wconf 89' lang='lat' dir='ltr'><strong>imperii</strong></span> <span class='ocrx_word' id='word_1_142' title='bbox 681 1978 884 2029; x_wconf 84' lang='lat' dir='ltr'><strong>dulcedo,</strong></span> <span class='ocrx_word' id='word_1_143' title='bbox 918 1986 1090 2031; x_wconf 85' lang='lat' dir='ltr'><strong>tamque</strong></span> 
     </span>
     <span class='ocr_line' id='line_1_28' title="bbox 205 2041 1089 2093; baseline -0.001 -11"><span class='ocrx_word' id='word_1_144' title='bbox 205 2047 436 2093; x_wconf 79' lang='lat' dir='ltr'><strong>penetrans</strong></span> <span class='ocrx_word' id='word_1_145' title='bbox 483 2041 676 2093; x_wconf 83' lang='lat' dir='ltr'><strong>ambitio,</strong></span> <span class='ocrx_word' id='word_1_146' title='bbox 726 2047 774 2082; x_wconf 87' lang='lat' dir='ltr'><strong>ut</strong></span> <span class='ocrx_word' id='word_1_147' title='bbox 802 2041 968 2083; x_wconf 75' lang='lat' dir='ltr'><strong>dedisci</strong></span> <span class='ocrx_word' id='word_1_148' title='bbox 1002 2053 1089 2082; x_wconf 90' lang='lat' dir='ltr'><strong>non</strong></span> 
     </span>
     <span class='ocr_line' id='line_1_29' title="bbox 205 2104 1090 2158; baseline 0.001 -14"><span class='ocrx_word' id='word_1_149' title='bbox 205 2104 354 2156; x_wconf 79' lang='lat' dir='ltr'><strong>possit.</strong></span> <span class='ocrx_word' id='word_1_150' title='bbox 385 2104 476 2145; x_wconf 79' lang='lat' dir='ltr'><strong>Liv.</strong></span> <span class='ocrx_word' id='word_1_151' title='bbox 497 2115 548 2145; x_wconf 83' lang='lat'><strong>11.</strong></span> <span class='ocrx_word' id='word_1_152' title='bbox 568 2108 610 2145; x_wconf 78' lang='lat'><strong>2.</strong></span> <span class='ocrx_word' id='word_1_153' title='bbox 664 2106 677 2127; x_wconf 91' lang='lat'>‘</span> <span class='ocrx_word' id='word_1_154' title='bbox 699 2104 881 2145; x_wconf 80' lang='lat' dir='ltr'><strong>Nescire</strong></span> <span class='ocrx_word' id='word_1_155' title='bbox 912 2105 1090 2158; x_wconf 86' lang='lat' dir='ltr'><strong>Tarqui·</strong></span> 
     </span>
     <span class='ocr_line' id='line_1_30' title="bbox 203 2160 1091 2219; baseline 0 -10"><span class='ocrx_word' id='word_1_156' title='bbox 203 2166 299 2209; x_wconf 79' lang='lat' dir='ltr'><strong>nioe</strong></span> <span class='ocrx_word' id='word_1_157' title='bbox 314 2167 502 2219; x_wconf 84' lang='lat' dir='ltr'><strong>privatos</strong></span> <span class='ocrx_word' id='word_1_158' title='bbox 522 2167 695 2209; x_wconf 69' lang='lat' dir='ltr'><strong>vivere!</strong></span> <span class='ocrx_word' id='word_1_159' title='bbox 751 2167 935 2213; x_wconf 86' lang='lat' dir='ltr'><strong>Aristot.</strong></span> <span class='ocrx_word' id='word_1_160' title='bbox 955 2160 1091 2210; x_wconf 82' lang='lat' dir='ltr'><strong>Polit.</strong></span> 
     </span>
     <span class='ocr_line' id='line_1_31' title="bbox 203 2228 1087 2285; baseline 0 -13"><span class='ocrx_word' id='word_1_161' title='bbox 203 2240 275 2272; x_wconf 85' lang='lat' dir='ltr'><strong>m.</strong></span> <span class='ocrx_word' id='word_1_162' title='bbox 286 2233 340 2279; x_wconf 62' lang='lat'><strong>33«</strong></span> <span class='ocrx_word' id='word_1_163' title='bbox 380 2228 457 2271; x_wconf 71' lang='lat' dir='ltr'><strong>Kal</strong></span> <span class='ocrx_word' id='word_1_164' title='bbox 487 2230 550 2271; x_wconf 73' lang='grc' dir='ltr'><strong>διὰ</strong></span> <span class='ocrx_word' id='word_1_165' title='bbox 565 2230 676 2271; x_wconf 69' lang='grc' dir='ltr'><strong><em>τοῦτ’</em></strong></span> <span class='ocrx_word' id='word_1_166' title='bbox 705 2231 799 2272; x_wconf 65' lang='grc' dir='ltr'><strong>ἴσως</strong></span> <span class='ocrx_word' id='word_1_167' title='bbox 826 2230 964 2275; x_wconf 75' lang='grc' dir='ltr'><strong><em>Ἰάσων</em></strong></span> <span class='ocrx_word' id='word_1_168' title='bbox 995 2231 1087 2285; x_wconf 81' lang='grc' dir='ltr'><em>ἔφη,</em></span> 
     </span>
     <span class='ocr_line' id='line_1_32' title="bbox 202 2293 1087 2348; baseline 0.003 -15"><span class='ocrx_word' id='word_1_169' title='bbox 202 2295 360 2344; x_wconf 65' lang='lat' dir='ltr'><strong>resurr,</strong></span> <span class='ocrx_word' id='word_1_170' title='bbox 389 2294 450 2334; x_wconf 78' lang='grc' dir='ltr'><strong>ὅτι</strong></span> <span class='ocrx_word' id='word_1_171' title='bbox 467 2293 522 2344; x_wconf 73' lang='grc' dir='ltr'><strong>μὴ</strong></span> <span class='ocrx_word' id='word_1_172' title='bbox 547 2297 740 2348; x_wconf 71' lang='grc' dir='ltr'><strong><em>τυραννοῖ,</em></strong></span> <span class='ocrx_word' id='word_1_173' title='bbox 759 2295 810 2336; x_wconf 76' lang='grc' dir='ltr'><strong>ὣς</strong></span> <span class='ocrx_word' id='word_1_174' title='bbox 839 2296 909 2336; x_wconf 72' lang='grc' dir='ltr'><strong>οὐκ</strong></span> <span class='ocrx_word' id='word_1_175' title='bbox 927 2295 1087 2338; x_wconf 59' lang='lat' dir='ltr'><strong>&amp;ma-rd-</strong></span> 
     </span>
     <span class='ocr_line' id='line_1_33' title="bbox 201 2355 1086 2405; baseline 0.005 -9"><span class='ocrx_word' id='word_1_176' title='bbox 201 2370 314 2405; x_wconf 73' lang='grc' dir='ltr'><strong><em>μενος</em></strong></span> <span class='ocrx_word' id='word_1_177' title='bbox 327 2355 477 2405; x_wconf 70' lang='grc' dir='ltr'><strong><em>ἰδιώτης</em></strong></span> <span class='ocrx_word' id='word_1_178' title='bbox 490 2355 598 2399; x_wconf 77' lang='grc' dir='ltr'><strong><em>εἶναι.</em></strong></span> <span class='ocrx_word' id='word_1_179' title='bbox 641 2358 802 2400; x_wconf 73' lang='lat' dir='ltr'><strong>sustin.</strong></span> <span class='ocrx_word' id='word_1_180' title='bbox 822 2370 1025 2400; x_wconf 77' lang='lat' dir='ltr'><strong>xxxviii.</strong></span> <span class='ocrx_word' id='word_1_181' title='bbox 1045 2363 1086 2400; x_wconf 88' lang='grc'><strong>9.</strong></span> 
     </span>
     <span class='ocr_line' id='line_1_34' title="bbox 203 2421 1086 2475; baseline 0.002 -15"><span class='ocrx_word' id='word_1_182' title='bbox 203 2422 215 2443; x_wconf 91' lang='lat'>‘</span> <span class='ocrx_word' id='word_1_183' title='bbox 237 2421 485 2461; x_wconf 82' lang='lat' dir='ltr'><strong>Demetrius</strong></span> <span class='ocrx_word' id='word_1_184' title='bbox 506 2422 720 2474; x_wconf 84' lang='lat' dir='ltr'><strong>privatam</strong></span> <span class='ocrx_word' id='word_1_185' title='bbox 741 2423 818 2463; x_wconf 86' lang='lat' dir='ltr'><strong>etsi</strong></span> <span class='ocrx_word' id='word_1_186' title='bbox 839 2423 1086 2475; x_wconf 85' lang='lat' dir='ltr'><strong>opulentam</strong></span> 
     </span>
     <span class='ocr_line' id='line_1_35' title="bbox 201 2483 1086 2538; baseline 0.003 -14"><span class='ocrx_word' id='word_1_187' title='bbox 201 2483 334 2525; x_wconf 85' lang='lat' dir='ltr'><strong>vitam</strong></span> <span class='ocrx_word' id='word_1_188' title='bbox 367 2491 593 2538; x_wconf 65' lang='lat' dir='ltr'><strong>pertaesus,</strong></span> <span class='ocrx_word' id='word_1_189' title='bbox 631 2486 790 2526; x_wconf 87' lang='lat' dir='ltr'><strong>tacitus</strong></span> <span class='ocrx_word' id='word_1_190' title='bbox 826 2486 869 2527; x_wconf 91' lang='lat' dir='ltr'><strong>in</strong></span> <span class='ocrx_word' id='word_1_191' title='bbox 907 2498 1086 2538; x_wconf 87' lang='lat' dir='ltr'><strong>regnum</strong></span> 
     </span>
     <span class='ocr_line' id='line_1_36' title="bbox 199 2547 914 2602; baseline 0.001 -13"><span class='ocrx_word' id='word_1_192' title='bbox 199 2547 345 2602; x_wconf 84' lang='lat' dir='ltr'><strong>fugam</strong></span> <span class='ocrx_word' id='word_1_193' title='bbox 362 2549 685 2590; x_wconf 70' lang='lat' dir='ltr'><strong>meditabatur-,³</strong></span> <span class='ocrx_word' id='word_1_194' title='bbox 715 2549 914 2590; x_wconf 83' lang='lat' dir='ltr'><strong>Gebhard.</strong></span> 
     </span>
    </p>

    <p class='ocr_par' dir='ltr' id='par_1_5' title="bbox 197 2613 1086 3047">
     <span class='ocr_line' id='line_1_37' title="bbox 262 2613 1085 2666; baseline -0.001 -12"><span class='ocrx_word' id='word_1_195' title='bbox 262 2613 364 2654; x_wconf 82' lang='lat' dir='ltr'><strong>Cum</strong></span> <span class='ocrx_word' id='word_1_196' title='bbox 382 2613 657 2654; x_wconf 70' lang='lat' dir='ltr'><strong>connectudine</strong></span> <span class='ocrx_word' id='word_1_197' title='bbox 683 2614 736 2653; x_wconf 80' lang='lat' dir='ltr'><strong>ad</strong></span> <span class='ocrx_word' id='word_1_198' title='bbox 753 2613 910 2665; x_wconf 81' lang='lat' dir='ltr'><strong>imperii</strong></span> <span class='ocrx_word' id='word_1_199' title='bbox 935 2614 1085 2666; x_wconf 80' lang='lat' dir='ltr'><strong>capidi-</strong></span> 
     </span>
     <span class='ocr_line' id='line_1_38' title="bbox 199 2676 1086 2730; baseline -0.001 -12"><span class='ocrx_word' id='word_1_200' title='bbox 199 2677 342 2730; x_wconf 73' lang='lat' dir='ltr'><strong>tatem]</strong></span> <span class='ocrx_word' id='word_1_201' title='bbox 386 2677 561 2718; x_wconf 79' lang='lat' dir='ltr'><strong>Isaacus</strong></span> <span class='ocrx_word' id='word_1_202' title='bbox 582 2676 862 2718; x_wconf 85' lang='lat' dir='ltr'><strong>Casaubonns</strong></span> <span class='ocrx_word' id='word_1_203' title='bbox 882 2676 1086 2717; x_wconf 85' lang='lat' dir='ltr'><strong>Animad-</strong></span> 
     </span>
     <span class='ocr_line' id='line_1_39' title="bbox 200 2741 1084 2792; baseline -0.001 -11"><span class='ocrx_word' id='word_1_204' title='bbox 200 2741 467 2781; x_wconf 83' lang='lat' dir='ltr'><strong>versionibus</strong></span> <span class='ocrx_word' id='word_1_205' title='bbox 498 2741 786 2791; x_wconf 85' lang='lat' dir='ltr'><strong>Suetonianis,</strong></span> <span class='ocrx_word' id='word_1_206' title='bbox 815 2741 949 2792; x_wconf 85' lang='lat' dir='ltr'><strong>legit:</strong></span> <span class='ocrx_word' id='word_1_207' title='bbox 984 2741 1084 2780; x_wconf 80' lang='lat' dir='ltr'><strong>Cum</strong></span> 
     </span>
     <span class='ocr_line' id='line_1_40' title="bbox 197 2803 1084 2857; baseline 0.001 -14"><span class='ocrx_word' id='word_1_208' title='bbox 197 2803 356 2857; x_wconf 79' lang='lat' dir='ltr'><strong>imperii</strong></span> <span class='ocrx_word' id='word_1_209' title='bbox 379 2804 651 2845; x_wconf 72' lang='lat' dir='ltr'><strong>consuetudine</strong></span> <span class='ocrx_word' id='word_1_210' title='bbox 677 2806 729 2845; x_wconf 83' lang='lat' dir='ltr'><strong>ad</strong></span> <span class='ocrx_word' id='word_1_211' title='bbox 759 2804 917 2856; x_wconf 77' lang='lat' dir='ltr'><strong>imperii</strong></span> <span class='ocrx_word' id='word_1_212' title='bbox 934 2804 1084 2855; x_wconf 76' lang='lat' dir='ltr'><strong>cupidi-</strong></span> 
     </span>
     <span class='ocr_line' id='line_1_41' title="bbox 199 2866 1084 2918; baseline 0.001 -12"><span class='ocrx_word' id='word_1_213' title='bbox 199 2870 325 2908; x_wconf 68' lang='lat' dir='ltr'><strong>tatem</strong></span> <span class='ocrx_word' id='word_1_214' title='bbox 352 2867 459 2907; x_wconf 75' lang='lat' dir='ltr'><strong>trahi</strong></span> <span class='ocrx_word' id='word_1_215' title='bbox 491 2868 713 2908; x_wconf 75' lang='lat' dir='ltr'><strong>videretur.-</strong></span> <span class='ocrx_word' id='word_1_216' title='bbox 769 2873 818 2908; x_wconf 88' lang='lat' dir='ltr'><strong>ut</strong></span> <span class='ocrx_word' id='word_1_217' title='bbox 845 2866 893 2906; x_wconf 78' lang='grc' dir='ltr'><strong>τὸ</strong></span> <span class='ocrx_word' id='word_1_218' title='bbox 924 2867 1084 2918; x_wconf 68' lang='lat' dir='ltr'><strong>imperia·</strong></span> 
     </span>
     <span class='ocr_line' id='line_1_42' title="bbox 198 2930 898 2983; baseline 0.001 -13"><span class='ocrx_word' id='word_1_219' title='bbox 198 2930 265 2971; x_wconf 85' lang='lat' dir='ltr'><strong>bis</strong></span> <span class='ocrx_word' id='word_1_220' title='bbox 294 2935 531 2983; x_wconf 86' lang='lat' dir='ltr'><strong>repetatur.</strong></span> <span class='ocrx_word' id='word_1_221' title='bbox 561 2930 692 2971; x_wconf 74' lang='lat' dir='ltr'><strong>Scliot.</strong></span> <span class='ocrx_word' id='word_1_222' title='bbox 723 2931 898 2972; x_wconf 84' lang='lat' dir='ltr'><strong>Boecler.</strong></span> 
     </span>
     <span class='ocr_line' id='line_1_43' title="bbox 198 2993 921 3047; baseline 0.001 -14"><span class='ocrx_word' id='word_1_223' title='bbox 198 2993 382 3047; x_wconf 82' lang='lat' dir='ltr'><strong>probare</strong></span> <span class='ocrx_word' id='word_1_224' title='bbox 402 3005 484 3034; x_wconf 90' lang='lat' dir='ltr'><strong>non</strong></span> <span class='ocrx_word' id='word_1_225' title='bbox 505 3006 690 3046; x_wconf 76' lang='lat' dir='ltr'><strong>possum.</strong></span> <span class='ocrx_word' id='word_1_226' title='bbox 720 2994 921 3035; x_wconf 76' lang='lat' dir='ltr'><strong>Gebhard.</strong></span> 
     </span>
    </p>

    <p class='ocr_par' dir='ltr' id='par_1_6' title="bbox 195 3057 1082 3555">
     <span class='ocr_line' id='line_1_44' title="bbox 255 3057 1082 3098; baseline 0.002 -2"><span class='ocrx_word' id='word_1_227' title='bbox 255 3057 399 3096; x_wconf 80' lang='lat' dir='ltr'><strong>Omnes</strong></span> <span class='ocrx_word' id='word_1_228' title='bbox 415 3061 543 3096; x_wconf 82' lang='lat' dir='ltr'><strong>autem</strong></span> <span class='ocrx_word' id='word_1_229' title='bbox 560 3060 600 3097; x_wconf 84' lang='lat' dir='ltr'><strong>et</strong></span> <span class='ocrx_word' id='word_1_230' title='bbox 616 3057 808 3098; x_wconf 74' lang='lat' dir='ltr'><strong>habentur</strong></span> <span class='ocrx_word' id='word_1_231' title='bbox 825 3061 863 3098; x_wconf 80' lang='lat' dir='ltr'><strong>et</strong></span> <span class='ocrx_word' id='word_1_232' title='bbox 894 3057 1082 3098; x_wconf 74' lang='lat' dir='ltr'><strong>dicuntur</strong></span> 
     </span>
     <span class='ocr_line' id='line_1_45' title="bbox 201 3119 1081 3174; baseline -0.001 -13"><span class='ocrx_word' id='word_1_233' title='bbox 201 3119 395 3174; x_wconf 75' lang='lat' dir='ltr'><strong>Tyranni]</strong></span> <span class='ocrx_word' id='word_1_234' title='bbox 444 3120 552 3160; x_wconf 85' lang='lat' dir='ltr'><strong>Haec</strong></span> <span class='ocrx_word' id='word_1_235' title='bbox 585 3119 788 3160; x_wconf 84' lang='lat' dir='ltr'><strong>videntur</strong></span> <span class='ocrx_word' id='word_1_236' title='bbox 824 3132 915 3160; x_wconf 86' lang='lat' dir='ltr'><strong>esse</strong></span> <span class='ocrx_word' id='word_1_237' title='bbox 961 3121 1081 3162; x_wconf 92' lang='lat' dir='ltr'><strong>dicta</strong></span> 
     </span>
     <span class='ocr_line' id='line_1_46' title="bbox 198 3183 1080 3238; baseline 0.002 -14"><span class='ocrx_word' id='word_1_238' title='bbox 198 3189 380 3237; x_wconf 86' lang='lat' dir='ltr'><strong>propter</strong></span> <span class='ocrx_word' id='word_1_239' title='bbox 414 3183 464 3224; x_wconf 89' lang='lat' dir='ltr'><strong>C.</strong></span> <span class='ocrx_word' id='word_1_240' title='bbox 483 3183 573 3225; x_wconf 87' lang='lat' dir='ltr'><strong>Jnl.</strong></span> <span class='ocrx_word' id='word_1_241' title='bbox 591 3184 821 3237; x_wconf 85' lang='lat' dir='ltr'><strong>Caesarem,</strong></span> <span class='ocrx_word' id='word_1_242' title='bbox 849 3185 969 3238; x_wconf 84' lang='lat' dir='ltr'><strong>quus</strong></span> <span class='ocrx_word' id='word_1_243' title='bbox 1003 3198 1080 3238; x_wconf 90' lang='lat' dir='ltr'><strong>po-</strong></span> 
     </span>
     <span class='ocr_line' id='line_1_47' title="bbox 200 3248 1080 3302; baseline 0.001 -12"><span class='ocrx_word' id='word_1_244' title='bbox 200 3249 380 3290; x_wconf 84' lang='lat' dir='ltr'><strong>tentiam</strong></span> <span class='ocrx_word' id='word_1_245' title='bbox 427 3248 746 3288; x_wconf 81' lang='lat' dir='ltr'><strong>immoderatam</strong></span> <span class='ocrx_word' id='word_1_246' title='bbox 781 3255 827 3289; x_wconf 88' lang='lat' dir='ltr'><strong>et</strong></span> <span class='ocrx_word' id='word_1_247' title='bbox 857 3249 1080 3302; x_wconf 84' lang='lat' dir='ltr'><strong>injustam,</strong></span> 
     </span>
     <span class='ocr_line' id='line_1_48' title="bbox 195 3311 1079 3362; baseline -0.001 -7"><span class='ocrx_word' id='word_1_248' title='bbox 195 3313 286 3356; x_wconf 81' lang='lat' dir='ltr'><strong>sive</strong></span> <span class='ocrx_word' id='word_1_249' title='bbox 305 3311 500 3353; x_wconf 81' lang='lat' dir='ltr'><strong>AEmilius</strong></span> <span class='ocrx_word' id='word_1_250' title='bbox 524 3312 709 3362; x_wconf 85' lang='lat' dir='ltr'><strong>Probus,</strong></span> <span class='ocrx_word' id='word_1_251' title='bbox 745 3313 834 3353; x_wconf 84' lang='lat' dir='ltr'><strong>sive</strong></span> <span class='ocrx_word' id='word_1_252' title='bbox 855 3313 1079 3355; x_wconf 82' lang='lat' dir='ltr'><strong>Cornelius</strong></span> 
     </span>
     <span class='ocr_line' id='line_1_49' title="bbox 197 3375 1079 3430; baseline -0.002 -11"><span class='ocrx_word' id='word_1_253' title='bbox 197 3377 365 3430; x_wconf 80' lang='lat' dir='ltr'><strong>Nepos,</strong></span> <span class='ocrx_word' id='word_1_254' title='bbox 393 3375 533 3428; x_wconf 88' lang='lat' dir='ltr'><strong>utqui</strong></span> <span class='ocrx_word' id='word_1_255' title='bbox 565 3379 678 3417; x_wconf 83' lang='lat' dir='ltr'><strong>esset</strong></span> <span class='ocrx_word' id='word_1_256' title='bbox 711 3376 912 3416; x_wconf 86' lang='lat' dir='ltr'><strong>bonarum</strong></span> <span class='ocrx_word' id='word_1_257' title='bbox 948 3377 1079 3429; x_wconf 83' lang='lat' dir='ltr'><strong>parti·</strong></span> 
     </span>
     <span class='ocr_line' id='line_1_50' title="bbox 198 3436 1078 3491; baseline -0.002 -11"><span class='ocrx_word' id='word_1_258' title='bbox 198 3450 289 3489; x_wconf 87' lang='lat' dir='ltr'><strong>um,</strong></span> <span class='ocrx_word' id='word_1_259' title='bbox 305 3448 391 3479; x_wconf 90' lang='lat' dir='ltr'><strong>non</strong></span> <span class='ocrx_word' id='word_1_260' title='bbox 411 3436 640 3491; x_wconf 80' lang='lat' dir='ltr'><strong>probabat.</strong></span> <span class='ocrx_word' id='word_1_261' title='bbox 660 3436 842 3478; x_wconf 79' lang='lat' dir='ltr'><strong>Lambin.</strong></span> <span class='ocrx_word' id='word_1_262' title='bbox 897 3438 992 3479; x_wconf 86' lang='lat' dir='ltr'><strong>Vox</strong></span> <span class='ocrx_word' id='word_1_263' title='bbox 1014 3443 1078 3478; x_wconf 86' lang='lat' dir='ltr'><strong>ta-</strong></span> 
     </span>
     <span class='ocr_line' id='line_1_51' title="bbox 197 3499 1078 3555; baseline 0 -12"><span class='ocrx_word' id='word_1_264' title='bbox 197 3507 297 3544; x_wconf 79' lang='lat' dir='ltr'><strong>men</strong></span> <span class='ocrx_word' id='word_1_265' title='bbox 330 3500 507 3555; x_wconf 59' lang='lat' dir='ltr'><strong>manni</strong></span> <span class='ocrx_word' id='word_1_266' title='bbox 526 3500 759 3555; x_wconf 79' lang='lat' dir='ltr'><strong>antiquitus</strong></span> <span class='ocrx_word' id='word_1_267' title='bbox 795 3499 920 3543; x_wconf 79' lang='lat' dir='ltr'><strong>bonae</strong></span> <span class='ocrx_word' id='word_1_268' title='bbox 951 3501 1078 3554; x_wconf 81' lang='lat' dir='ltr'><strong>signi-</strong></span> 
     </span>
    </p>
   </div>
   <div class='ocr_carea' id='block_1_3' title="bbox 953 2931 1080 2974">
    <p class='ocr_par' dir='ltr' id='par_1_7' title="bbox 953 2931 1080 2974">
     <span class='ocr_line' id='line_1_52' title="bbox 953 2931 1080 2974; baseline -0.024 0"><span class='ocrx_word' id='word_1_269' title='bbox 953 2931 1080 2974; x_wconf 83' lang='lat' dir='ltr'><strong>Quod</strong></span> 
     </span>
    </p>
   </div>
   <div class='ocr_carea' id='block_1_4' title="bbox 1941 252 2054 314">
    <p class='ocr_par' dir='ltr' id='par_1_8' title="bbox 1941 252 2054 314">
     <span class='ocr_line' id='line_1_53' title="bbox 1941 252 2054 314; baseline -0.044 0"><span class='ocrx_word' id='word_1_270' title='bbox 1941 252 2054 314; x_wconf 73' lang='grc'>427-</span> 
     </span>
    </p>
   </div>
   <div class='ocr_carea' id='block_1_5' title="bbox 1160 382 2057 691">
    <p class='ocr_par' dir='ltr' id='par_1_9' title="bbox 1160 382 2057 691">
     <span class='ocr_line' id='line_1_54' title="bbox 1163 382 2051 436; baseline 0.001 -13"><span class='ocrx_word' id='word_1_271' title='bbox 1163 382 1375 424; x_wconf 67' lang='lat' dir='ltr'><strong>flectionis</strong></span> <span class='ocrx_word' id='word_1_272' title='bbox 1397 383 1828 436; x_wconf 84' lang='lat' dir='ltr'><strong>regem-denotabat;</strong></span> <span class='ocrx_word' id='word_1_273' title='bbox 1858 382 1976 426; x_wconf 76' lang='lat' dir='ltr'><strong>unde</strong></span> <span class='ocrx_word' id='word_1_274' title='bbox 2004 388 2051 424; x_wconf 89' lang='lat' dir='ltr'><strong>et</strong></span> 
     </span>
     <span class='ocr_line' id='line_1_55' title="bbox 1163 447 2057 500; baseline 0.001 -13"><span class='ocrx_word' id='word_1_275' title='bbox 1163 447 1316 491; x_wconf 72' lang='lat' dir='ltr'><strong>Poetae</strong></span> <span class='ocrx_word' id='word_1_276' title='bbox 1346 460 1508 498; x_wconf 71' lang='lat' dir='ltr'><strong>onmes,</strong></span> <span class='ocrx_word' id='word_1_277' title='bbox 1538 454 1738 490; x_wconf 81' lang='lat' dir='ltr'><strong>monente</strong></span> <span class='ocrx_word' id='word_1_278' title='bbox 1763 449 2057 500; x_wconf 54' lang='lat' dir='ltr'><strong>&#39;Suidasante</strong></span> 
     </span>
     <span class='ocr_line' id='line_1_56' title="bbox 1163 510 2055 565; baseline 0.003 -15"><span class='ocrx_word' id='word_1_279' title='bbox 1163 510 1324 550; x_wconf 87' lang='lat' dir='ltr'><strong>bellum</strong></span> <span class='ocrx_word' id='word_1_280' title='bbox 1350 512 1580 564; x_wconf 80' lang='lat' dir='ltr'><strong>Trojanum</strong></span> <span class='ocrx_word' id='word_1_281' title='bbox 1599 524 1729 564; x_wconf 81' lang='lat' dir='ltr'><strong>reges·</strong></span> <span class='ocrx_word' id='word_1_282' title='bbox 1754 517 1800 552; x_wconf 88' lang='lat' dir='ltr'><strong>et</strong></span> <span class='ocrx_word' id='word_1_283' title='bbox 1831 512 2055 565; x_wconf 66' lang='lat' dir='ltr'><strong>principes</strong></span> 
     </span>
     <span class='ocr_line' id='line_1_57' title="bbox 1160 574 2055 627; baseline 0.006 -14"><span class='ocrx_word' id='word_1_284' title='bbox 1160 574 1380 625; x_wconf 80' lang='lat' dir='ltr'><strong>Tyrannos</strong></span> <span class='ocrx_word' id='word_1_285' title='bbox 1398 578 1691 616; x_wconf 79' lang='lat' dir='ltr'><strong>nominarunt.</strong></span> <span class='ocrx_word' id='word_1_286' title='bbox 1729 576 1919 627; x_wconf 82' lang='lat' dir='ltr'><strong>Jupiter,</strong></span> <span class='ocrx_word' id='word_1_287' title='bbox 1932 575 2055 627; x_wconf 30' lang='lat' dir='ltr'><strong>Det-hg</strong></span> 
     </span>
     <span class='ocr_line' id='line_1_58' title="bbox 1161 639 2050 691; baseline 0.003 -16"><span class='ocrx_word' id='word_1_288' title='bbox 1161 648 1253 676; x_wconf 85' lang='lat' dir='ltr'><strong>rum</strong></span> <span class='ocrx_word' id='word_1_289' title='bbox 1275 639 1499 690; x_wconf 83' lang='lat' dir='ltr'><strong>&#39;l&#39;yrannus</strong></span> <span class='ocrx_word' id='word_1_290' title='bbox 1520 639 1641 679; x_wconf 85' lang='lat' dir='ltr'><strong>audit</strong></span> <span class='ocrx_word' id='word_1_291' title='bbox 1661 639 1774 691; x_wconf 87' lang='lat' dir='ltr'><strong>apud</strong></span> <span class='ocrx_word' id='word_1_292' title='bbox 1794 639 2050 690; x_wconf 84' lang='lat' dir='ltr'><strong>Aristopha-</strong></span> 
     </span>
    </p>
   </div>
   <div class='ocr_carea' id='block_1_6' title="bbox 1153 696 2046 743">
    <p class='ocr_par' dir='ltr' id='par_1_10' title="bbox 1153 696 2046 743">
     <span class='ocr_line' id='line_1_59' title="bbox 1153 696 2046 743; baseline -0.002 0"><span class='ocrx_word' id='word_1_293' title='bbox 1153 696 1272 743; x_wconf 77' lang='lat' dir='ltr'><strong>‘nem.</strong></span> <span class='ocrx_word' id='word_1_294' title='bbox 1312 702 1479 742; x_wconf 86' lang='lat' dir='ltr'><strong>AEneid.</strong></span> <span class='ocrx_word' id='word_1_295' title='bbox 1500 714 1583 742; x_wconf 81' lang='lat' dir='ltr'><strong>vn.</strong></span> <span class='ocrx_word' id='word_1_296' title='bbox 1624 703 1753 743; x_wconf 84' lang='lat' dir='ltr'><strong>Ovid.</strong></span> <span class='ocrx_word' id='word_1_297' title='bbox 1776 702 1883 741; x_wconf 80' lang='lat' dir='ltr'><strong>Met.</strong></span> <span class='ocrx_word' id='word_1_298' title='bbox 1905 713 1970 741; x_wconf 79' lang='lat' dir='ltr'><strong>xi.</strong></span> <span class='ocrx_word' id='word_1_299' title='bbox 1991 701 2046 741; x_wconf 89' lang='lat' dir='ltr'><strong>de</strong></span> 
     </span>
    </p>
   </div>
   <div class='ocr_carea' id='block_1_7' title="bbox 1155 764 2050 1712">
    <p class='ocr_par' dir='ltr' id='par_1_11' title="bbox 1159 764 2050 943">
     <span class='ocr_line' id='line_1_60' title="bbox 1163 764 2050 806; baseline 0.001 -2"><span class='ocrx_word' id='word_1_300' title='bbox 1163 764 1468 805; x_wconf 80' lang='lat' dir='ltr'><strong>Laomedonte.</strong></span> <span class='ocrx_word' id='word_1_301' title='bbox 1500 766 1688 806; x_wconf 82' lang='lat' dir='ltr'><strong>Martial.</strong></span> <span class='ocrx_word' id='word_1_302' title='bbox 1715 767 1787 806; x_wconf 88' lang='lat' dir='ltr'><strong>lib.</strong></span> <span class='ocrx_word' id='word_1_303' title='bbox 1816 777 1877 806; x_wconf 82' lang='lat' dir='ltr'><strong>ix.</strong></span> <span class='ocrx_word' id='word_1_304' title='bbox 1920 767 1931 788; x_wconf 90' lang='lat'>‘</span> <span class='ocrx_word' id='word_1_305' title='bbox 1954 766 2050 806; x_wconf 88' lang='lat' dir='ltr'><strong>Pel-</strong></span> 
     </span>
     <span class='ocr_line' id='line_1_61' title="bbox 1162 828 2047 880; baseline 0.005 -14"><span class='ocrx_word' id='word_1_306' title='bbox 1162 828 1288 868; x_wconf 85' lang='lat' dir='ltr'><strong>laeum</strong></span> <span class='ocrx_word' id='word_1_307' title='bbox 1315 829 1590 880; x_wconf 80' lang='lat' dir='ltr'><strong>Tyrannum,&#39;</strong></span> <span class='ocrx_word' id='word_1_308' title='bbox 1624 829 1667 868; x_wconf 90' lang='lat' dir='ltr'><strong>id</strong></span> <span class='ocrx_word' id='word_1_309' title='bbox 1698 835 1780 878; x_wconf 89' lang='lat' dir='ltr'><strong>est,</strong></span> <span class='ocrx_word' id='word_1_310' title='bbox 1809 841 1969 880; x_wconf 74' lang='lat' dir='ltr'><strong>regem,</strong></span> <span class='ocrx_word' id='word_1_311' title='bbox 1997 834 2047 870; x_wconf 90' lang='lat' dir='ltr'><strong>ut</strong></span> 
     </span>
     <span class='ocr_line' id='line_1_62' title="bbox 1159 891 1957 943; baseline 0.003 -11"><span class='ocrx_word' id='word_1_312' title='bbox 1159 891 1469 932; x_wconf 82' lang='lat' dir='ltr'><strong>convenienter</strong></span> <span class='ocrx_word' id='word_1_313' title='bbox 1491 892 1703 932; x_wconf 84' lang='lat' dir='ltr'><strong>Raderus.</strong></span> <span class='ocrx_word' id='word_1_314' title='bbox 1733 893 1957 943; x_wconf 72' lang='lat' dir='ltr'><strong>Kirclimqj.</strong></span> 
     </span>
    </p>

    <p class='ocr_par' dir='ltr' id='par_1_12' title="bbox 1160 954 2045 1379">
     <span class='ocr_line' id='line_1_63' title="bbox 1216 954 2044 1008; baseline 0.004 -14"><span class='ocrx_word' id='word_1_315' title='bbox 1216 955 1275 994; x_wconf 80' lang='lat' dir='ltr'><strong>Et</strong></span> <span class='ocrx_word' id='word_1_316' title='bbox 1308 954 1500 996; x_wconf 79' lang='lat' dir='ltr'><strong>habentur</strong></span> <span class='ocrx_word' id='word_1_317' title='bbox 1536 959 1575 995; x_wconf 81' lang='lat' dir='ltr'><strong>et</strong></span> <span class='ocrx_word' id='word_1_318' title='bbox 1609 956 1813 1007; x_wconf 81' lang='lat' dir='ltr'><strong>dicuntur]</strong></span> <span class='ocrx_word' id='word_1_319' title='bbox 1872 958 2044 1008; x_wconf 83' lang='lat' dir='ltr'><strong>Legunt</strong></span> 
     </span>
     <span class='ocr_line' id='line_1_64' title="bbox 1162 1017 2045 1069; baseline 0.002 -12"><span class='ocrx_word' id='word_1_320' title='bbox 1162 1017 1398 1069; x_wconf 86' lang='lat' dir='ltr'><strong>Excerpta,</strong></span> <span class='ocrx_word' id='word_1_321' title='bbox 1454 1022 1493 1057; x_wconf 81' lang='lat' dir='ltr'><strong>et</strong></span> <span class='ocrx_word' id='word_1_322' title='bbox 1537 1018 1722 1058; x_wconf 77' lang='lat' dir='ltr'><strong>dicuntur</strong></span> <span class='ocrx_word' id='word_1_323' title='bbox 1753 1023 1793 1058; x_wconf 83' lang='lat' dir='ltr'><strong>et</strong></span> <span class='ocrx_word' id='word_1_324' title='bbox 1836 1019 2045 1060; x_wconf 73' lang='lat' dir='ltr'><strong>habentur.</strong></span> 
     </span>
     <span class='ocr_line' id='line_1_65' title="bbox 1163 1080 2044 1135; baseline 0.002 -14"><span class='ocrx_word' id='word_1_325' title='bbox 1163 1080 1379 1122; x_wconf 75' lang='lat' dir='ltr'><strong>caeterum</strong></span> <span class='ocrx_word' id='word_1_326' title='bbox 1399 1082 1535 1132; x_wconf 72' lang='lat' dir='ltr'><strong>justus</strong></span> <span class='ocrx_word' id='word_1_327' title='bbox 1553 1087 1743 1135; x_wconf 72' lang='lat' dir='ltr'><strong>tyrannus</strong></span> <span class='ocrx_word' id='word_1_328' title='bbox 1775 1089 1842 1123; x_wconf 88' lang='lat' dir='ltr'><strong>est</strong></span> <span class='ocrx_word' id='word_1_329' title='bbox 1877 1081 2044 1124; x_wconf 89' lang='lat' dir='ltr'><strong>Aristo-</strong></span> 
     </span>
     <span class='ocr_line' id='line_1_66' title="bbox 1162 1143 2044 1199; baseline 0.002 -15"><span class='ocrx_word' id='word_1_330' title='bbox 1162 1145 1238 1185; x_wconf 86' lang='lat' dir='ltr'><strong>teli</strong></span> <span class='ocrx_word' id='word_1_331' title='bbox 1255 1143 1440 1198; x_wconf 78' lang='grc' dir='ltr'><strong><em>τυράννος</em></strong></span> <span class='ocrx_word' id='word_1_332' title='bbox 1457 1145 1559 1186; x_wconf 80' lang='grc' dir='ltr'><strong>κατὰ</strong></span> <span class='ocrx_word' id='word_1_333' title='bbox 1589 1145 1721 1196; x_wconf 84' lang='grc' dir='ltr'><strong><em>νόμον,</em></strong></span> <span class='ocrx_word' id='word_1_334' title='bbox 1751 1147 1898 1199; x_wconf 90' lang='lat' dir='ltr'><strong>quales</strong></span> <span class='ocrx_word' id='word_1_335' title='bbox 1918 1151 2044 1186; x_wconf 88' lang='lat' dir='ltr'><strong>erant</strong></span> 
     </span>
     <span class='ocr_line' id='line_1_67' title="bbox 1160 1210 2044 1264; baseline 0.001 -15"><span class='ocrx_word' id='word_1_336' title='bbox 1160 1222 1285 1262; x_wconf 83' lang='lat' dir='ltr'><strong>reges</strong></span> <span class='ocrx_word' id='word_1_337' title='bbox 1306 1210 1516 1260; x_wconf 88' lang='lat' dir='ltr'><strong>Orientis,</strong></span> <span class='ocrx_word' id='word_1_338' title='bbox 1532 1212 1604 1264; x_wconf 89' lang='lat' dir='ltr'><strong>qui</strong></span> <span class='ocrx_word' id='word_1_339' title='bbox 1622 1223 1704 1252; x_wconf 92' lang='lat' dir='ltr'><strong>non</strong></span> <span class='ocrx_word' id='word_1_340' title='bbox 1730 1212 1784 1262; x_wconf 86' lang='lat' dir='ltr'><strong>vi,</strong></span> <span class='ocrx_word' id='word_1_341' title='bbox 1801 1211 1877 1251; x_wconf 89' lang='lat' dir='ltr'><strong>sed</strong></span> <span class='ocrx_word' id='word_1_342' title='bbox 1899 1212 2044 1251; x_wconf 88' lang='lat' dir='ltr'><strong>volun·</strong></span> 
     </span>
     <span class='ocr_line' id='line_1_68' title="bbox 1161 1275 2039 1328; baseline 0.002 -14"><span class='ocrx_word' id='word_1_343' title='bbox 1161 1278 1255 1315; x_wconf 76' lang='lat' dir='ltr'><strong>tate</strong></span> <span class='ocrx_word' id='word_1_344' title='bbox 1286 1275 1562 1327; x_wconf 88' lang='lat' dir='ltr'><strong>populorum,</strong></span> <span class='ocrx_word' id='word_1_345' title='bbox 1613 1276 1837 1328; x_wconf 59' lang='lat' dir='ltr'><strong>impeflum</strong></span> <span class='ocrx_word' id='word_1_346' title='bbox 1873 1275 2039 1316; x_wconf 85' lang='lat' dir='ltr'><strong>obtine·</strong></span> 
     </span>
     <span class='ocr_line' id='line_1_69' title="bbox 1162 1337 1516 1380; baseline 0.003 -2"><span class='ocrx_word' id='word_1_347' title='bbox 1162 1337 1283 1379; x_wconf 83' lang='lat' dir='ltr'><strong>bant.</strong></span> <span class='ocrx_word' id='word_1_348' title='bbox 1313 1339 1516 1380; x_wconf 67' lang='lat' dir='ltr'><strong>Kenio-ben.</strong></span> 
     </span>
    </p>

    <p class='ocr_par' dir='ltr' id='par_1_13' title="bbox 1157 1371 2042 1516">
     <span class='ocr_line' id='line_1_70' title="bbox 1215 1371 2042 1456; baseline 0.001 -14"><span class='ocrx_word' id='word_1_349' title='bbox 1215 1402 1316 1448; x_wconf 74' lang='lat' dir='ltr'><strong>Quae</strong></span> <span class='ocrx_word' id='word_1_350' title='bbox 1331 1404 1511 1443; x_wconf 75' lang='lat' dir='ltr'><strong>libertate</strong></span> <span class='ocrx_word' id='word_1_351' title='bbox 1528 1417 1596 1444; x_wconf 82' lang='lat' dir='ltr'><strong>usa</strong></span> <span class='ocrx_word' id='word_1_352' title='bbox 1612 1404 1689 1456; x_wconf 81' lang='lat' dir='ltr'><strong>est]</strong></span> <span class='ocrx_word' id='word_1_353' title='bbox 1703 1408 1766 1443; x_wconf 84' lang='grc' dir='ltr'><strong><em>Εν</em></strong></span> <span class='ocrx_word' id='word_1_354' title='bbox 1783 1371 2042 1456; x_wconf 84' lang='grc' dir='ltr'><strong><em>δημοκρατου-</em></strong></span> 
     </span>
     <span class='ocr_line' id='line_1_71' title="bbox 1157 1464 1578 1520; baseline 0.005 -15"><span class='ocrx_word' id='word_1_355' title='bbox 1157 1464 1254 1520; x_wconf 81' lang='grc' dir='ltr'><strong><em>μένῃ</em></strong></span> <span class='ocrx_word' id='word_1_356' title='bbox 1267 1466 1396 1507; x_wconf 74' lang='grc' dir='ltr'><strong><em>πόλει.</em></strong></span> <span class='ocrx_word' id='word_1_357' title='bbox 1427 1467 1578 1507; x_wconf 79' lang='lat' dir='ltr'><strong>Schott.</strong></span> 
     </span>
    </p>

    <p class='ocr_par' dir='ltr' id='par_1_14' title="bbox 1155 1531 2049 1712">
     <span class='ocr_line' id='line_1_72' title="bbox 1214 1531 2041 1584; baseline 0 -12"><span class='ocrx_word' id='word_1_358' title='bbox 1214 1531 1312 1572; x_wconf 80' lang='lat' dir='ltr'><strong>Tum</strong></span> <span class='ocrx_word' id='word_1_359' title='bbox 1337 1533 1439 1573; x_wconf 64' lang='lat' dir='ltr'><strong>naim</strong></span> <span class='ocrx_word' id='word_1_360' title='bbox 1466 1532 1646 1584; x_wconf 83' lang='lat' dir='ltr'><strong>comitas]</strong></span> <span class='ocrx_word' id='word_1_361' title='bbox 1691 1532 1762 1572; x_wconf 91' lang='lat' dir='ltr'><strong>Sic</strong></span> <span class='ocrx_word' id='word_1_362' title='bbox 1791 1536 2041 1572; x_wconf 86' lang='lat' dir='ltr'><strong>constanter</strong></span> 
     </span>
     <span class='ocr_line' id='line_1_73' title="bbox 1156 1597 2038 1650; baseline 0.002 -14"><span class='ocrx_word' id='word_1_363' title='bbox 1156 1598 1264 1638; x_wconf 88' lang='lat' dir='ltr'><strong>Mss.</strong></span> <span class='ocrx_word' id='word_1_364' title='bbox 1285 1604 1328 1637; x_wconf 89' lang='lat' dir='ltr'><strong>et</strong></span> <span class='ocrx_word' id='word_1_365' title='bbox 1350 1599 1511 1650; x_wconf 76' lang='lat' dir='ltr'><strong>vulgati</strong></span> <span class='ocrx_word' id='word_1_366' title='bbox 1530 1610 1688 1639; x_wconf 81' lang='lat' dir='ltr'><strong>omnes,</strong></span> <span class='ocrx_word' id='word_1_367' title='bbox 1728 1598 1866 1637; x_wconf 85' lang='lat' dir='ltr'><strong>Vetus</strong></span> <span class='ocrx_word' id='word_1_368' title='bbox 1887 1597 2038 1638; x_wconf 83' lang='lat' dir='ltr'><strong>Codex</strong></span> 
     </span>
     <span class='ocr_line' id='line_1_74' title="bbox 1155 1659 2049 1712; baseline 0.003 -14"><span class='ocrx_word' id='word_1_369' title='bbox 1155 1664 1200 1700; x_wconf 91' lang='lat' dir='ltr'><strong>et</strong></span> <span class='ocrx_word' id='word_1_370' title='bbox 1218 1659 1441 1700; x_wconf 84' lang='lat' dir='ltr'><strong>Puteanus</strong></span> <span class='ocrx_word' id='word_1_371' title='bbox 1457 1661 1710 1701; x_wconf 71' lang='lat' dir='ltr'><strong>communitas</strong></span> <span class='ocrx_word' id='word_1_372' title='bbox 1726 1660 1931 1712; x_wconf 53' lang='lat' dir='ltr'><strong>legebat„</strong></span> <span class='ocrx_word' id='word_1_373' title='bbox 1950 1660 2049 1701; x_wconf 76' lang='lat' dir='ltr'><strong>Sed·</strong></span> 
     </span>
    </p>
   </div>
   <div class='ocr_carea' id='block_1_8' title="bbox 1094 1722 2040 1776">
    <p class='ocr_par' dir='ltr' id='par_1_15' title="bbox 1094 1722 2040 1776">
     <span class='ocr_line' id='line_1_75' title="bbox 1094 1722 2040 1776; baseline 0.001 -13"><span class='ocrx_word' id='word_1_374' title='bbox 1094 1746 1098 1749; x_wconf 60' lang='lat'>&gt;</span> <span class='ocrx_word' id='word_1_375' title='bbox 1155 1722 1344 1775; x_wconf 81' lang='lat' dir='ltr'><strong>ambigo,</strong></span> <span class='ocrx_word' id='word_1_376' title='bbox 1373 1736 1470 1764; x_wconf 84' lang='lat' dir='ltr'><strong>num</strong></span> <span class='ocrx_word' id='word_1_377' title='bbox 1492 1730 1716 1776; x_wconf 87' lang='lat' dir='ltr'><strong>receptum</strong></span> <span class='ocrx_word' id='word_1_378' title='bbox 1735 1723 1791 1763; x_wconf 85' lang='lat' dir='ltr'><strong>sit</strong></span> <span class='ocrx_word' id='word_1_379' title='bbox 1809 1735 1964 1763; x_wconf 87' lang='lat' dir='ltr'><strong>nomen</strong></span> <span class='ocrx_word' id='word_1_380' title='bbox 1994 1724 2040 1764; x_wconf 88' lang='lat' dir='ltr'><strong>iu</strong></span> 
     </span>
    </p>
   </div>
   <div class='ocr_carea' id='block_1_9' title="bbox 1142 1786 2044 3235">
    <p class='ocr_par' dir='ltr' id='par_1_16' title="bbox 1147 1786 2044 2726">
     <span class='ocr_line' id='line_1_76' title="bbox 1154 1786 2039 1838; baseline 0.001 -12"><span class='ocrx_word' id='word_1_381' title='bbox 1154 1799 1204 1826; x_wconf 89' lang='lat' dir='ltr'><strong>ea</strong></span> <span class='ocrx_word' id='word_1_382' title='bbox 1237 1786 1552 1838; x_wconf 83' lang='lat' dir='ltr'><strong>significatione</strong></span> <span class='ocrx_word' id='word_1_383' title='bbox 1582 1786 1698 1838; x_wconf 81' lang='lat' dir='ltr'><strong>apud</strong></span> <span class='ocrx_word' id='word_1_384' title='bbox 1731 1786 1909 1827; x_wconf 86' lang='lat' dir='ltr'><strong>Latinos</strong></span> <span class='ocrx_word' id='word_1_385' title='bbox 1939 1798 2039 1827; x_wconf 84' lang='lat' dir='ltr'><strong>auc-</strong></span> 
     </span>
     <span class='ocr_line' id='line_1_77' title="bbox 1154 1849 2038 1891; baseline 0 0"><span class='ocrx_word' id='word_1_386' title='bbox 1154 1855 1287 1891; x_wconf 88' lang='lat' dir='ltr'><strong>tores.</strong></span> <span class='ocrx_word' id='word_1_387' title='bbox 1379 1850 1607 1891; x_wconf 77' lang='lat' dir='ltr'><strong>Communia</strong></span> <span class='ocrx_word' id='word_1_388' title='bbox 1654 1849 1828 1890; x_wconf 84' lang='lat' dir='ltr'><strong>Sidonio</strong></span> <span class='ocrx_word' id='word_1_389' title='bbox 1887 1856 2038 1891; x_wconf 87' lang='lat' dir='ltr'><strong>nostro</strong></span> 
     </span>
     <span class='ocr_line' id='line_1_78' title="bbox 1153 1913 2039 1965; baseline 0.001 -12"><span class='ocrx_word' id='word_1_390' title='bbox 1153 1914 1295 1965; x_wconf 84' lang='lat' dir='ltr'><strong>Epist.</strong></span> <span class='ocrx_word' id='word_1_391' title='bbox 1315 1925 1388 1954; x_wconf 81' lang='lat'><strong>111.</strong></span> <span class='ocrx_word' id='word_1_392' title='bbox 1409 1917 1448 1954; x_wconf 83' lang='lat'><strong>2.</strong></span> <span class='ocrx_word' id='word_1_393' title='bbox 1502 1914 1617 1955; x_wconf 88' lang='lat' dir='ltr'><strong>Vide</strong></span> <span class='ocrx_word' id='word_1_394' title='bbox 1645 1913 1956 1954; x_wconf 88' lang='lat' dir='ltr'><strong>notas-ibidem</strong></span> <span class='ocrx_word' id='word_1_395' title='bbox 1992 1919 2039 1954; x_wconf 91' lang='lat' dir='ltr'><strong>et</strong></span> 
     </span>
     <span class='ocr_line' id='line_1_79' title="bbox 1154 1975 2039 2018; baseline 0.002 -3"><span class='ocrx_word' id='word_1_396' title='bbox 1154 1975 1267 2018; x_wconf 83' lang='lat' dir='ltr'><strong>infra</strong></span> <span class='ocrx_word' id='word_1_397' title='bbox 1287 1977 1330 2015; x_wconf 89' lang='lat' dir='ltr'><strong>in</strong></span> <span class='ocrx_word' id='word_1_398' title='bbox 1346 1975 1514 2018; x_wconf 87' lang='lat' dir='ltr'><strong>Attico.</strong></span> <span class='ocrx_word' id='word_1_399' title='bbox 1542 1977 1707 2018; x_wconf 74' lang='lat' dir='ltr'><strong>Sauara.</strong></span> <span class='ocrx_word' id='word_1_400' title='bbox 1766 1978 2039 2018; x_wconf 76' lang='lat' dir='ltr'><strong>communitas</strong></span> 
     </span>
     <span class='ocr_line' id='line_1_80' title="bbox 1156 2040 2037 2082; baseline 0.002 -3"><span class='ocrx_word' id='word_1_401' title='bbox 1156 2046 1302 2080; x_wconf 86' lang='lat' dir='ltr'><strong>noster</strong></span> <span class='ocrx_word' id='word_1_402' title='bbox 1326 2046 1372 2080; x_wconf 90' lang='lat' dir='ltr'><strong>et</strong></span> <span class='ocrx_word' id='word_1_403' title='bbox 1392 2040 1558 2082; x_wconf 79' lang='lat' dir='ltr'><strong>Gii&#39;anii</strong></span> <span class='ocrx_word' id='word_1_404' title='bbox 1579 2042 1731 2081; x_wconf 87' lang='lat' dir='ltr'><strong>codex.</strong></span> <span class='ocrx_word' id='word_1_405' title='bbox 1779 2041 2037 2081; x_wconf 78' lang='lat' dir='ltr'><strong>Sic&#39;l&#39;erent.</strong></span> 
     </span>
     <span class='ocr_line' id='line_1_81' title="bbox 1153 2103 2044 2158; baseline 0.003 -15"><span class='ocrx_word' id='word_1_406' title='bbox 1153 2103 1311 2144; x_wconf 73' lang='lat' dir='ltr'><strong>fleant.</strong></span> <span class='ocrx_word' id='word_1_407' title='bbox 1323 2115 1390 2144; x_wconf 82' lang='lat' dir='ltr'><strong>lv.</strong></span> <span class='ocrx_word' id='word_1_408' title='bbox 1406 2109 1445 2145; x_wconf 81' lang='lat'><strong>5.</strong></span> <span class='ocrx_word' id='word_1_409' title='bbox 1474 2106 1488 2127; x_wconf 79' lang='lat'><em>⁴</em></span> <span class='ocrx_word' id='word_1_410' title='bbox 1506 2105 1774 2157; x_wconf 80' lang='lat' dir='ltr'><strong>Quemquam</strong></span> <span class='ocrx_word' id='word_1_411' title='bbox 1790 2105 1932 2158; x_wconf 86' lang='lat' dir='ltr'><strong>animo</strong></span> <span class='ocrx_word' id='word_1_412' title='bbox 1947 2111 2044 2146; x_wconf 78' lang='lat' dir='ltr'><strong>tam</strong></span> 
     </span>
     <span class='ocr_line' id='line_1_82' title="bbox 1152 2158 2036 2221; baseline 0.006 -15"><span class='ocrx_word' id='word_1_413' title='bbox 1152 2158 1363 2207; x_wconf 88' lang='lat' dir='ltr'><strong>communi</strong></span> <span class='ocrx_word' id='word_1_414' title='bbox 1377 2168 1549 2208; x_wconf 88' lang='lat' dir='ltr'><strong>autleni</strong></span> <span class='ocrx_word' id='word_1_415' title='bbox 1563 2168 1726 2221; x_wconf 66' lang='lat' dir='ltr'><strong>putas?</strong></span> <span class='ocrx_word' id='word_1_416' title='bbox 1754 2168 1873 2209; x_wconf 87' lang='lat' dir='ltr'><strong>Suet.</strong></span> <span class='ocrx_word' id='word_1_417' title='bbox 1883 2169 2036 2211; x_wconf 84' lang='lat' dir='ltr'><strong>Claud.</strong></span> 
     </span>
     <span class='ocr_line' id='line_1_83' title="bbox 1150 2231 2040 2287; baseline 0.004 -17"><span class='ocrx_word' id='word_1_418' title='bbox 1150 2234 1218 2281; x_wconf 84' lang='lat'><strong>21.</strong></span> <span class='ocrx_word' id='word_1_419' title='bbox 1254 2231 1320 2271; x_wconf 86' lang='lat' dir='ltr'><strong>‘N</strong></span> <span class='ocrx_word' id='word_1_420' title='bbox 1323 2243 1376 2271; x_wconf 85' lang='lat' dir='ltr'><strong>ec</strong></span> <span class='ocrx_word' id='word_1_421' title='bbox 1391 2233 1478 2273; x_wconf 86' lang='lat' dir='ltr'><strong>ullo</strong></span> <span class='ocrx_word' id='word_1_422' title='bbox 1499 2232 1738 2285; x_wconf 81' lang='lat' dir='ltr'><strong>spectaculi</strong></span> <span class='ocrx_word' id='word_1_423' title='bbox 1753 2235 1910 2287; x_wconf 78' lang='lat' dir='ltr'><strong>genere</strong></span> <span class='ocrx_word' id='word_1_424' title='bbox 1924 2245 2040 2274; x_wconf 80' lang='lat' dir='ltr'><strong>com-</strong></span> 
     </span>
     <span class='ocr_line' id='line_1_84' title="bbox 1150 2294 2035 2348; baseline 0.006 -15"><span class='ocrx_word' id='word_1_425' title='bbox 1150 2294 1318 2334; x_wconf 88' lang='lat' dir='ltr'><strong>munior</strong></span> <span class='ocrx_word' id='word_1_426' title='bbox 1333 2301 1408 2336; x_wconf 89' lang='lat' dir='ltr'><strong>aut</strong></span> <span class='ocrx_word' id='word_1_427' title='bbox 1426 2296 1639 2348; x_wconf 80' lang='lat' dir='ltr'><strong>remissior</strong></span> <span class='ocrx_word' id='word_1_428' title='bbox 1653 2296 1770 2336; x_wconf 62' lang='lat' dir='ltr'><strong>erat!</strong></span> <span class='ocrx_word' id='word_1_429' title='bbox 1799 2297 1870 2338; x_wconf 90' lang='lat' dir='ltr'><strong>·Et</strong></span> <span class='ocrx_word' id='word_1_430' title='bbox 1888 2297 2035 2338; x_wconf 80' lang='lat' dir='ltr'><strong>Graeci</strong></span> 
     </span>
     <span class='ocr_line' id='line_1_85' title="bbox 1150 2352 2032 2401; baseline 0.006 -6"><span class='ocrx_word' id='word_1_431' title='bbox 1150 2356 1277 2396; x_wconf 75' lang='grc' dir='ltr'><strong><em>κοινὸν</em></strong></span> <span class='ocrx_word' id='word_1_432' title='bbox 1323 2357 1385 2398; x_wconf 88' lang='lat' dir='ltr'><strong>sic</strong></span> <span class='ocrx_word' id='word_1_433' title='bbox 1421 2358 1643 2398; x_wconf 90' lang='lat' dir='ltr'><strong>adhibent.</strong></span> <span class='ocrx_word' id='word_1_434' title='bbox 1718 2352 2032 2401; x_wconf 80' lang='lat' dir='ltr'><strong>Demosthenes</strong></span> 
     </span>
     <span class='ocr_line' id='line_1_86' title="bbox 1149 2419 2034 2474; baseline 0.006 -16"><span class='ocrx_word' id='word_1_435' title='bbox 1149 2419 1237 2471; x_wconf 74' lang='grc' dir='ltr'><strong><em>περὶ</em></strong></span> <span class='ocrx_word' id='word_1_436' title='bbox 1254 2427 1372 2471; x_wconf 78' lang='grc' dir='ltr'><strong><em>στεφ.</em></strong></span> <span class='ocrx_word' id='word_1_437' title='bbox 1392 2419 1518 2460; x_wconf 77' lang='grc' dir='ltr'><strong><em>κοινὸς</em></strong></span> <span class='ocrx_word' id='word_1_438' title='bbox 1535 2420 1600 2460; x_wconf 77' lang='grc' dir='ltr'><strong>καὶ</strong></span> <span class='ocrx_word' id='word_1_439' title='bbox 1613 2420 1893 2474; x_wconf 74' lang='grc' dir='ltr'><strong><em>φιλάνθρωπος.</em></strong></span> <span class='ocrx_word' id='word_1_440' title='bbox 1923 2423 2034 2463; x_wconf 86' lang='lat' dir='ltr'><strong>Pho-</strong></span> 
     </span>
     <span class='ocr_line' id='line_1_87' title="bbox 1150 2484 2032 2538; baseline 0.003 -14"><span class='ocrx_word' id='word_1_441' title='bbox 1150 2484 1290 2524; x_wconf 87' lang='lat' dir='ltr'><strong>cilidae</strong></span> <span class='ocrx_word' id='word_1_442' title='bbox 1310 2497 1481 2538; x_wconf 90' lang='lat' dir='ltr'><strong>quoque</strong></span> <span class='ocrx_word' id='word_1_443' title='bbox 1501 2486 1718 2538; x_wconf 80' lang='lat' dir='ltr'><strong>usitatum,</strong></span> <span class='ocrx_word' id='word_1_444' title='bbox 1735 2493 1784 2526; x_wconf 89' lang='lat' dir='ltr'><strong>ut</strong></span> <span class='ocrx_word' id='word_1_445' title='bbox 1802 2492 1848 2527; x_wconf 86' lang='lat' dir='ltr'><strong>et</strong></span> <span class='ocrx_word' id='word_1_446' title='bbox 1868 2487 2032 2527; x_wconf 88' lang='lat' dir='ltr'><strong>Isocra-</strong></span> 
     </span>
     <span class='ocr_line' id='line_1_88' title="bbox 1149 2547 2031 2601; baseline 0.006 -15"><span class='ocrx_word' id='word_1_447' title='bbox 1149 2547 1183 2587; x_wconf 89' lang='lat' dir='ltr'><strong>ti</strong></span> <span class='ocrx_word' id='word_1_448' title='bbox 1204 2547 1246 2586; x_wconf 91' lang='lat' dir='ltr'><strong>in</strong></span> <span class='ocrx_word' id='word_1_449' title='bbox 1265 2548 1401 2599; x_wconf 86' lang='lat' dir='ltr'><strong>Euag.</strong></span> <span class='ocrx_word' id='word_1_450' title='bbox 1435 2554 1481 2588; x_wconf 89' lang='lat' dir='ltr'><strong>et</strong></span> <span class='ocrx_word' id='word_1_451' title='bbox 1509 2548 1707 2601; x_wconf 85' lang='lat' dir='ltr'><strong>Xenoph.</strong></span> <span class='ocrx_word' id='word_1_452' title='bbox 1741 2562 1823 2590; x_wconf 91' lang='lat' dir='ltr'><strong>non</strong></span> <span class='ocrx_word' id='word_1_453' title='bbox 1843 2551 1977 2590; x_wconf 82' lang='lat' dir='ltr'><strong>semel</strong></span> <span class='ocrx_word' id='word_1_454' title='bbox 1997 2562 2031 2593; x_wconf 87' lang='lat'><strong>1.</strong></span> 
     </span>
     <span class='ocr_line' id='line_1_89' title="bbox 1147 2611 2033 2665; baseline 0.006 -14"><span class='ocrx_word' id='word_1_455' title='bbox 1147 2611 1309 2659; x_wconf 78' lang='grc' dir='ltr'><strong><em>Ἕλλην.</em></strong></span> <span class='ocrx_word' id='word_1_456' title='bbox 1352 2612 1676 2665; x_wconf 86' lang='lat' dir='ltr'><strong>Etymologista,</strong></span> <span class='ocrx_word' id='word_1_457' title='bbox 1688 2613 1813 2653; x_wconf 69' lang='grc' dir='ltr'><strong><em>κοινὸς</em></strong></span> <span class='ocrx_word' id='word_1_458' title='bbox 1832 2615 1853 2653; x_wconf 77' lang='grc' dir='ltr'><strong><em>ὀ</em></strong></span> <span class='ocrx_word' id='word_1_459' title='bbox 1870 2615 2033 2662; x_wconf 80' lang='grc' dir='ltr'><strong><em>εὔκηλος</em></strong></span> 
     </span>
     <span class='ocr_line' id='line_1_90' title="bbox 1151 2674 1479 2726; baseline 0 -11"><span class='ocrx_word' id='word_1_460' title='bbox 1151 2674 1354 2726; x_wconf 74' lang='grc' dir='ltr'><strong><em>γινόμενος</em></strong></span> <span class='ocrx_word' id='word_1_461' title='bbox 1370 2676 1479 2715; x_wconf 72' lang='grc' dir='ltr'><strong><em>πᾶσι.</em></strong></span> 
     </span>
    </p>

    <p class='ocr_par' dir='ltr' id='par_1_17' title="bbox 1142 2739 2031 3235">
     <span class='ocr_line' id='line_1_91' title="bbox 1207 2739 2031 2791; baseline 0.002 -11"><span class='ocrx_word' id='word_1_462' title='bbox 1207 2741 1262 2780; x_wconf 83' lang='lat' dir='ltr'><strong>Ut</strong></span> <span class='ocrx_word' id='word_1_463' title='bbox 1277 2752 1385 2780; x_wconf 83' lang='lat' dir='ltr'><strong>nemo</strong></span> <span class='ocrx_word' id='word_1_464' title='bbox 1399 2744 1481 2780; x_wconf 83' lang='lat' dir='ltr'><strong>tam</strong></span> <span class='ocrx_word' id='word_1_465' title='bbox 1495 2739 1671 2791; x_wconf 75' lang='lat' dir='ltr'><strong>humilis]</strong></span> <span class='ocrx_word' id='word_1_466' title='bbox 1711 2740 1795 2782; x_wconf 82' lang='lat' dir='ltr'><strong>Qui</strong></span> <span class='ocrx_word' id='word_1_467' title='bbox 1833 2753 1878 2781; x_wconf 91' lang='lat' dir='ltr'><strong>se</strong></span> <span class='ocrx_word' id='word_1_468' title='bbox 1906 2741 2031 2782; x_wconf 85' lang='lat' dir='ltr'><strong>nimis</strong></span> 
     </span>
     <span class='ocr_line' id='line_1_92' title="bbox 1146 2801 2028 2858; baseline 0.003 -16"><span class='ocrx_word' id='word_1_469' title='bbox 1146 2802 1188 2842; x_wconf 91' lang='lat' dir='ltr'><strong>in</strong></span> <span class='ocrx_word' id='word_1_470' title='bbox 1226 2815 1380 2855; x_wconf 83' lang='lat' dir='ltr'><strong>magna</strong></span> <span class='ocrx_word' id='word_1_471' title='bbox 1418 2802 1632 2854; x_wconf 83' lang='lat' dir='ltr'><strong>dignitate</strong></span> <span class='ocrx_word' id='word_1_472' title='bbox 1667 2801 1859 2844; x_wconf 82' lang='lat' dir='ltr'><strong>affabiles</strong></span> <span class='ocrx_word' id='word_1_473' title='bbox 1896 2811 2028 2858; x_wconf 83' lang='lat' dir='ltr'><strong>atque</strong></span> 
     </span>
     <span class='ocr_line' id='line_1_93' title="bbox 1147 2866 2029 2920; baseline 0.003 -14"><span class='ocrx_word' id='word_1_474' title='bbox 1147 2866 1289 2906; x_wconf 85' lang='lat' dir='ltr'><strong>aditus</strong></span> <span class='ocrx_word' id='word_1_475' title='bbox 1307 2866 1454 2906; x_wconf 83' lang='lat' dir='ltr'><strong>faciles</strong></span> <span class='ocrx_word' id='word_1_476' title='bbox 1474 2867 1669 2919; x_wconf 74' lang='lat' dir='ltr'><strong>praebent</strong></span> <span class='ocrx_word' id='word_1_477' title='bbox 1694 2868 1846 2908; x_wconf 84' lang='lat' dir='ltr'><strong>altiora</strong></span> <span class='ocrx_word' id='word_1_478' title='bbox 1862 2869 2029 2920; x_wconf 83' lang='lat' dir='ltr'><strong>spirare</strong></span> 
     </span>
     <span class='ocr_line' id='line_1_94' title="bbox 1144 2928 2028 2985; baseline 0.003 -16"><span class='ocrx_word' id='word_1_479' title='bbox 1144 2931 1297 2970; x_wconf 80' lang='lat' dir='ltr'><strong>solent.</strong></span> <span class='ocrx_word' id='word_1_480' title='bbox 1325 2929 1467 2970; x_wconf 83' lang='lat' dir='ltr'><strong>Tacit.</strong></span> <span class='ocrx_word' id='word_1_481' title='bbox 1486 2928 1598 2970; x_wconf 85' lang='lat' dir='ltr'><strong>Anu.</strong></span> <span class='ocrx_word' id='word_1_482' title='bbox 1621 2941 1697 2971; x_wconf 84' lang='lat' dir='ltr'><strong>xv.</strong></span> <span class='ocrx_word' id='word_1_483' title='bbox 1716 2934 1783 2973; x_wconf 86' lang='grc'><strong>46.</strong></span> <span class='ocrx_word' id='word_1_484' title='bbox 1811 2931 1866 2971; x_wconf 91' lang='lat' dir='ltr'><strong>de</strong></span> <span class='ocrx_word' id='word_1_485' title='bbox 1887 2933 1935 2972; x_wconf 91' lang='lat' dir='ltr'><strong>C.</strong></span> <span class='ocrx_word' id='word_1_486' title='bbox 1953 2931 2028 2985; x_wconf 82' lang='lat' dir='ltr'><strong>Pi·</strong></span> 
     </span>
     <span class='ocr_line' id='line_1_95' title="bbox 1144 2992 2028 3046; baseline 0.005 -14"><span class='ocrx_word' id='word_1_487' title='bbox 1144 3004 1262 3033; x_wconf 87' lang='lat' dir='ltr'><strong>sone.</strong></span> <span class='ocrx_word' id='word_1_488' title='bbox 1304 2992 1318 3015; x_wconf 89' lang='lat'>‘</span> <span class='ocrx_word' id='word_1_489' title='bbox 1334 2992 1500 3044; x_wconf 79' lang='lat' dir='ltr'><strong>Ignotis</strong></span> <span class='ocrx_word' id='word_1_490' title='bbox 1518 3005 1685 3046; x_wconf 90' lang='lat' dir='ltr'><strong>quoque</strong></span> <span class='ocrx_word' id='word_1_491' title='bbox 1705 2994 1815 3034; x_wconf 91' lang='lat' dir='ltr'><strong>comi</strong></span> <span class='ocrx_word' id='word_1_492' title='bbox 1832 3006 2028 3036; x_wconf 84' lang='lat' dir='ltr'><strong>sermone</strong></span> 
     </span>
     <span class='ocr_line' id='line_1_96' title="bbox 1144 3056 2025 3109; baseline 0.001 -12"><span class='ocrx_word' id='word_1_493' title='bbox 1144 3064 1190 3097; x_wconf 86' lang='lat' dir='ltr'><strong>et</strong></span> <span class='ocrx_word' id='word_1_494' title='bbox 1226 3056 1487 3109; x_wconf 86' lang='lat' dir='ltr'><strong>congressu.&#39;</strong></span> <span class='ocrx_word' id='word_1_495' title='bbox 1545 3057 1728 3109; x_wconf 85' lang='lat' dir='ltr'><strong>Detegit</strong></span> <span class='ocrx_word' id='word_1_496' title='bbox 1778 3058 1857 3098; x_wconf 85' lang='lat' dir='ltr'><strong>hoc</strong></span> <span class='ocrx_word' id='word_1_497' title='bbox 1904 3058 2025 3099; x_wconf 82' lang='lat' dir='ltr'><strong>ulcus</strong></span> 
     </span>
     <span class='ocr_line' id='line_1_97' title="bbox 1142 3118 2027 3160; baseline 0 0"><span class='ocrx_word' id='word_1_498' title='bbox 1142 3118 1278 3160; x_wconf 76' lang='lat' dir='ltr'><strong>Arist.</strong></span> <span class='ocrx_word' id='word_1_499' title='bbox 1300 3119 1432 3159; x_wconf 88' lang='lat' dir='ltr'><strong>Polit.</strong></span> <span class='ocrx_word' id='word_1_500' title='bbox 1464 3129 1525 3160; x_wconf 81' lang='lat' dir='ltr'><strong>iv.</strong></span> <span class='ocrx_word' id='word_1_501' title='bbox 1546 3123 1612 3159; x_wconf 86' lang='lat'><strong>11.</strong></span> <span class='ocrx_word' id='word_1_502' title='bbox 1654 3125 1699 3159; x_wconf 92' lang='lat' dir='ltr'><strong>et</strong></span> <span class='ocrx_word' id='word_1_503' title='bbox 1728 3120 1952 3159; x_wconf 85' lang='lat' dir='ltr'><strong>Menelaus</strong></span> <span class='ocrx_word' id='word_1_504' title='bbox 1983 3120 2027 3160; x_wconf 87' lang='lat' dir='ltr'><strong>in</strong></span> 
     </span>
     <span class='ocr_line' id='line_1_98' title="bbox 1142 3180 2023 3235; baseline 0.001 -13"><span class='ocrx_word' id='word_1_505' title='bbox 1142 3182 1370 3235; x_wconf 83' lang='lat' dir='ltr'><strong>Iphigenia</strong></span> <span class='ocrx_word' id='word_1_506' title='bbox 1420 3181 1644 3222; x_wconf 84' lang='lat' dir='ltr'><strong>Aulidensi</strong></span> <span class='ocrx_word' id='word_1_507' title='bbox 1690 3180 2023 3234; x_wconf 82' lang='lat' dir='ltr'><strong>Agamemnonis</strong></span> 
     </span>
    </p>
   </div>
   <div class='ocr_carea' id='block_1_10' title="bbox 1142 3245 2020 3358">
    <p class='ocr_par' dir='ltr' id='par_1_18' title="bbox 1142 3245 2020 3358">
     <span class='ocr_line' id='line_1_99' title="bbox 1142 3245 1432 3287; baseline -0.01 0"><span class='ocrx_word' id='word_1_508' title='bbox 1142 3252 1273 3287; x_wconf 82' lang='lat' dir='ltr'><strong>artes.</strong></span> <span class='ocrx_word' id='word_1_509' title='bbox 1306 3245 1432 3285; x_wconf 74' lang='lat' dir='ltr'><strong>Gebh.</strong></span> 
     </span>
     <span class='ocr_line' id='line_1_100' title="bbox 1195 3306 2020 3358; baseline 0 -10"><span class='ocrx_word' id='word_1_510' title='bbox 1195 3309 1446 3349; x_wconf 63' lang='lat' dir='ltr'><strong>ertams</strong></span> <span class='ocrx_word' id='word_1_511' title='bbox 1467 3319 1534 3347; x_wconf 87' lang='lat' dir='ltr'><strong>res</strong></span> <span class='ocrx_word' id='word_1_512' title='bbox 1553 3306 1766 3346; x_wconf 87' lang='lat' dir='ltr'><strong>habentur</strong></span> <span class='ocrx_word' id='word_1_513' title='bbox 1780 3306 1894 3358; x_wconf 87' lang='lat' dir='ltr'><strong>apud</strong></span> <span class='ocrx_word' id='word_1_514' title='bbox 1916 3306 2020 3348; x_wconf 83' lang='lat' dir='ltr'><strong>Plu-</strong></span> 
     </span>
    </p>
   </div>
   <div class='ocr_carea' id='block_1_11' title="bbox 1141 3368 2025 3474">
    <p class='ocr_par' dir='ltr' id='par_1_19' title="bbox 1141 3368 2025 3474">
     <span class='ocr_line' id='line_1_101' title="bbox 1141 3368 2025 3428; baseline -0.006 -17"><span class='ocrx_word' id='word_1_515' title='bbox 1141 3371 1333 3428; x_wconf 83' lang='lat' dir='ltr'><strong>tarchum</strong></span> <span class='ocrx_word' id='word_1_516' title='bbox 1354 3371 1440 3411; x_wconf 81' lang='lat' dir='ltr'><strong>vita</strong></span> <span class='ocrx_word' id='word_1_517' title='bbox 1474 3369 1677 3409; x_wconf 82' lang='lat' dir='ltr'><strong>Cimonis.</strong></span> <span class='ocrx_word' id='word_1_518' title='bbox 1725 3368 1889 3409; x_wconf 87' lang='lat' dir='ltr'><strong>Herod.</strong></span> <span class='ocrx_word' id='word_1_519' title='bbox 1913 3381 2025 3423; x_wconf 73' lang='lat' dir='ltr'><strong>prae.</strong></span> 
     </span>
     <span class='ocr_line' id='line_1_102' title="bbox 1141 3431 2020 3474; baseline 0 0"><span class='ocrx_word' id='word_1_520' title='bbox 1141 3434 1292 3474; x_wconf 87' lang='lat' dir='ltr'><strong>sertim</strong></span> <span class='ocrx_word' id='word_1_521' title='bbox 1312 3432 1384 3472; x_wconf 90' lang='lat' dir='ltr'><strong>lib.</strong></span> <span class='ocrx_word' id='word_1_522' title='bbox 1405 3443 1470 3472; x_wconf 78' lang='lat' dir='ltr'><strong>vi.</strong></span> <span class='ocrx_word' id='word_1_523' title='bbox 1512 3431 1697 3471; x_wconf 83' lang='lat' dir='ltr'><strong>Pausan.</strong></span> <span class='ocrx_word' id='word_1_524' title='bbox 1717 3431 1758 3470; x_wconf 91' lang='lat' dir='ltr'><strong>in</strong></span> <span class='ocrx_word' id='word_1_525' title='bbox 1776 3431 1917 3474; x_wconf 73' lang='lat' dir='ltr'><strong>Attia.</strong></span> <span class='ocrx_word' id='word_1_526' title='bbox 1947 3434 2020 3474; x_wconf 71' lang='grc' dir='ltr'><strong>ΙΕ-</strong></span> 
     </span>
    </p>
   </div>
   <div class='ocr_carea' id='block_1_12' title="bbox 1139 3495 2024 3552">
    <p class='ocr_par' dir='ltr' id='par_1_20' title="bbox 1139 3495 2024 3552">
     <span class='ocr_line' id='line_1_103' title="bbox 1139 3495 2024 3552; baseline 0.003 -13"><span class='ocrx_word' id='word_1_527' title='bbox 1139 3499 1240 3541; x_wconf 89' lang='lat' dir='ltr'><strong>lian.</strong></span> <span class='ocrx_word' id='word_1_528' title='bbox 1261 3508 1349 3539; x_wconf 79' lang='lat' dir='ltr'><strong>xii.</strong></span> <span class='ocrx_word' id='word_1_529' title='bbox 1369 3500 1438 3538; x_wconf 73' lang='lat'><strong>86.</strong></span> <span class='ocrx_word' id='word_1_530' title='bbox 1467 3495 1641 3539; x_wconf 84' lang='lat' dir='ltr'><strong>Platon.</strong></span> <span class='ocrx_word' id='word_1_531' title='bbox 1658 3495 1703 3538; x_wconf 87' lang='lat' dir='ltr'><strong>in</strong></span> <span class='ocrx_word' id='word_1_532' title='bbox 1722 3495 1904 3552; x_wconf 76' lang='lat' dir='ltr'><strong>Gorgia,</strong></span> <span class='ocrx_word' id='word_1_533' title='bbox 1929 3497 2024 3543; x_wconf 87' lang='lat' dir='ltr'><strong>Cic.</strong></span> 
     </span>
    </p>
   </div>
  </div>
 </body>
</html>
