2326 3860
953 716 1209 779 XVIII.

708 924 1469 1029 EUMENE&

857 1196 1304 1239 ARGUMENTUM.

175 1325 287 1367 Cn.
307 1329 349 1367 1.
403 1327 512 1380 Ejus
541 1326 685 1369 officia
715 1327 831 1381 apud
867 1339 990 1381 reges
1027 1326 1331 1369 Macedonum.
1388 1329 1429 1367 2.
1460 1323 1782 1379 Cappadociam
1821 1324 2002 1366 sortitur

227 1393 505 1445 provinciam.
563 1396 698 1436 Carus
716 1395 943 1436 Perdiccae
977 1400 1043 1435 est
1069 1399 1116 1435 et
1129 1393 1266 1443 fidus.
1322 1396 1363 1434 3.
1394 1391 1431 1432 Α
1451 1391 1659 1433 Perdicca
1677 1388 1899 1445 oppositus
1918 1391 2004 1431 Eu-

227 1462 384 1512 ropaeis
416 1462 689 1514 adversariis,
724 1461 860 1503 deviis
890 1461 1113 1502 itineribus
1148 1461 1309 1501 milites
1337 1471 1436 1500 snos
1466 1457 1595 1510 fallit,
1627 1464 1690 1509 nt,
1721 1463 1872 1499 contra
1896 1469 2003 1511 quos

228 1525 505 1580 ducerentur,
518 1529 748 1568 resciscere
766 1540 851 1569 non
865 1533 1056 1581 possent.
1111 1531 1153 1568 4.
1181 1527 1330 1567 Vincit
1347 1527 1572 1567 Craterum
1588 1530 1633 1565 et
1653 1526 2003 1577 Neoptolemum.

230 1597 270 1633 5.
301 1592 468 1634 Absens
482 1594 638 1645 capitis
658 1595 899 1635 damnatur.
956 1594 1167 1636 Obsessus
1183 1595 1226 1634 in
1243 1594 1420 1634 castello
1438 1593 1560 1633 Nora
1580 1591 1733 1633 callide
1753 1604 1801 1632 se
1821 1603 2006 1645 suosque

226 1659 399 1700 liberat.
454 1664 495 1700 6.
530 1659 781 1711 Olympiadi
815 1662 1044 1712 liberisque
1080 1661 1321 1702 Alexandri
1358 1660 1468 1700 bene
1507 1660 1708 1701 consulit.
1764 1662 1804 1699 7.
1834 1659 2006 1698 Bellum

229 1732 356 1781 parat
374 1727 576 1768 adversus
590 1725 853 1778 Antigonum
871 1726 1042 1766 nomine
1061 1728 1310 1769 Alexandri.
1367 1731 1409 1769 8.
1436 1726 1647 1779 Antigoni
1667 1727 1818 1778 victor,
1837 1726 2008 1781 cogitur

231 1807 258 1835 a
273 1793 492 1844 militibus,
506 1793 651 1846 copias
667 1793 912 1844 hyematum
932 1793 1142 1834 dividere.
1199 1791 1441 1844 Antigonus
1458 1796 1500 1834 in
1518 1790 1824 1847 hybernaculis
1842 1793 2009 1846 hostem

230 1861 326 1902 vult
344 1859 536 1913 aggredi.
591 1863 634 1900 9.
663 1858 853 1900 Consilio
882 1859 1040 1900 callido
1067 1857 1506 1912 Antigoniirefraenat
1526 1861 1751 1914 impetum.
1808 1862 1876 1902 10.
1905 1859 2010 1900 Vic-

231 1933 317 1980 tor,
344 1927 563 1979 Antigono
580 1926 716 1977 victo,
735 1938 761 1966 a
786 1926 872 1966 suis
901 1926 1102 1967 traditur.
1159 1929 1226 1966 11.
1256 1925 1493 1976 Impatiens
1523 1926 1787 1975 supplicium
1808 1932 2012 1978 expostu-

231 1995 311 2036 lat.
367 1997 434 2036 12.
462 1993 595 2034 Fame
612 1990 1078 2046 fatigatus,jugulatur
1098 2004 1124 2033 a
1141 1991 1405 2033 custodibus.
1464 1993 1529 2030 13.
1559 1989 1769 2031 Extincto
1799 1993 2011 2045 Eumene,

233 2059 434 2121 prefecti
450 2065 658 2113 usurpant
676 2070 833 2101 nomen
849 2059 980 2112 regis.

184 2381 540 2467 Eoum-ms,
581 2401 939 2458 Sardianus?
1012 2404 1202 2474 Hujus
1247 2404 1298 2456 si
1336 2403 1526 2458 virtuti
1565 2419 1666 2472 par
1691 2403 1824 2457 data
1866 2407 2014 2457 esset

181 2488 422 2552 fortuna,
447 2503 560 2540 non
583 2487 678 2540 ille
705 2486 932 2557 quidem
954 2489 1172 2558 major,²
1214 2487 1315 2540 sed
1340 2488 1512 2540 multo
1535 2488 1820 2551 illustrior,
1847 2491 2014 2557 atque

185 2573 354 2626 etiam
375 2571 723 2638 honoratior3
761 2571 911 2640 quod
948 2587 1175 2641 magnos
1207 2571 1479 2624 homines³
1515 2571 1718 2624 virtute
1744 2571 2013 2635 metimur,

184 2673 298 2719 non
321 2654 612 2710 fortuna.⁴'’
685 2655 838 2708 Nam
873 2671 1001 2708 cum
1043 2660 1185 2709 aetas
1218 2655 1337 2724 ejus
1362 2654 1674 2709 incidisset⁵
1699 2655 1757 2708 in
1783 2670 1852 2707 ea
1877 2661 2015 2708 tem-

949 2776 972 2791 O
979 2775 1247 2793 “mmo“

242 2857 265 2893 1
301 2852 485 2893 Eumenis
502 2852 586 2892 vita
603 2851 685 2893 Ed.
712 2852 832 2894 Jens.
860 2852 984 2893 Med.
1008 2852 1117 2904 Arg.
1148 2852 1250 2894 Par.
1265 2852 1449 2894 Ald.-—2
1478 2852 1549 2894 Sic
1568 2852 1695 2892 etiam
1710 2852 1795 2894 Ms.
1813 2852 2015 2893 Mendos,

188 2905 271 2946 Ed.
287 2906 425 2958 Long.
444 2906 564 2958 Mag.
580 2905 679 2946 SaV.
699 2903 819 2957 [Bos.
838 2911 885 2947 et
902 2906 1044 2958 seqq.]
1075 2907 1161 2946 Sed
1181 2906 1458 2956 major-fuisset
1472 2906 1552 2947 Ed.
1570 2906 1718 2947 Lamb.
1733 2907 1880 2958 Steph.
1907 2906 2016 2947 Tale

189 2959 526 3000 additamentum
546 2957 781 2998 desiderari
814 2959 897 3007 hic,
924 2959 1150 2999 videbatur
1180 2961 1375 3001 mihi.—-8
1405 2961 1575 3000 homines
1593 2962 1790 3010 evasisset,
1808 2960 1901 3000 virt.
1933 2958 2015 2999 Ed.

189 3013 409 3064 Longe—⁴
439 3012 506 3052 lta
525 3011 610 3052 Ms.
642 3011 842 3053 Mendos.
873 3013 1022 3053 Boecl.
1057 3012 1158 3065 [Ed.
1179 3013 1281 3054 Bos.
1303 3014 1422 3055 Stav.
1454 3014 1588 3054 Heus.
1615 3019 1661 3053 et
1678 3026 1799 3065 seqq.
1848 3013 2014 3051 Recte:

188 3066 338 3118 Nepos
357 3065 471 3106 enim
489 3076 607 3105 suam
620 3065 690 3106 hic
710 3066 949 3118 interponit
961 3067 1233 3107 sententiam.
1280 3067 1424 3108 Metiri
1443 3074 1603 3119 autem,
1622 3072 1670 3107 ut
1687 3066 1830 3106 Graec.
1849 3064 2017 3116 μετρεῖν,

1008 3185 1190 3227 NOTAE

243 3282 263 3304 ⁸
283 3278 490 3328 Eumenes,
509 3276 749 3330 Cardianus]
770 3277 953 3321 Quidam
973 3278 1069 3318 Sar·
1137 3278 1288 3320 fecisse
1308 3279 1556 3332 Philippum
1589 3279 1741 3320 scribit
1768 3276 2018 3320 Alexander

190 3339 345 3391 dianus,
359 3342 433 3381 sed
450 3342 583 3390 male;
610 3352 708 3380 nam
723 3353 776 3380 ex
790 3339 948 3381 Cardia
962 3340 1069 3381 urbe
1137 3342 1354 3394 Myndius.

189 3401 381 3444 Thraciae
401 3403 603 3444 oriundus
637 3409 733 3443 erat
765 3403 993 3454 Eumenes,
1026 3402 1070 3442 in
1190 3401 1210 3430 ὓ
1239 3404 1352 3459 Quod
1371 3415 1531 3453 magnos
1547 3402 1719 3443 hormines
1736 3402 1885 3444 virtute
1902 3402 2015 3443 aneti-

188 3464 316 3521 ·cujus
347 3466 531 3519 gratiam
565 3466 795 3507 immunem
830 3478 856 3507 a
893 3465 1069 3507 tributis
1136 3465 1525 3520 mur,msortuna]
1552 3465 1735 3519 Proprie
1755 3465 1868 3508 enim
1885 3465 2016 3526 bomin
