2346 3886
766 261 848 300 nn
886 260 1049 301 com«
1059 261 1203 299 nmo
1241 259 1530 300 Nummi.-
1978 247 2052 302 33

221 381 391 439 fecit!
460 380 716 439 Alterum
751 383 1126 449 argumentum
1162 384 1267 445 est,
1300 379 1452 449 quod
1489 394 1659 431 nemo
1679 381 1850 432 aetate
1870 378 2053 433 Theo-

223 467 376 521 dosii
411 467 494 521 sic
529 467 747 521 loeutus
786 471 889 530 est,
928 471 989 519 ut
1026 466 1119 518 hic
1161 466 1401 534 scriptor
1438 462 1701 531 loquitur.
1774 461 1877 516 Est
1908 466 2057 517 enim

226 548 379 606 filum
415 552 583 621 hujus
625 553 887 604 orationis
923 552 1143 613 subtile,
1182 566 1456 619 pressum,
1494 550 1761 611 limatum,
1799 553 1856 601 et
1890 549 2055 616 plane

226 639 495 706 Atticum,
535 657 816 709 genusque
852 640 1073 692 dicendi
1108 640 1376 702 nativum,
1414 653 1628 707 purum,
1665 636 1909 704 eleganS,
1934 639 2058 691 niti-

228 725 379 790 dum,
403 742 514 779 non
532 726 893 789 elaboratum,
932 741 1040 777 non
1075 725 1237 792 longe
1276 725 1622 787 arcessitum,
1649 738 1760 774 non
1784 722 2056 791 putidum,

228 827 338 864 non
362 811 620 883 insolenS‚
657 826 837 878 neque
874 804 1134 861 teretibus
1159 808 1386 861 auribus
1424 807 1715 873 odiosum3
1755 805 1853 858 sed
1895 808 2059 876 plane

221 894 550 949 -Romanam
572 895 987 963 simplicitatem
1013 899 1071 945 ct
1093 892 1409 945 munditiem
1435 893 1672 944 referens
1697 907 1765 944 ac
1785 886 2059 957 redolens,

222 981 384 1050 :quali
407 980 520 1033 fere
547 996 792 1033 sermone
829 986 928 1037 aut
965 977 1159 1031 Caesar
1194 977 1251 1030 in
1289 977 1699 1028 commentariis
1724 977 1843 1028 suis
1868 977 2058 1042 utitur,

231 1069 331 1119 aut
367 1064 448 1117 M.
473 1065 690 1118 Tullius
713 1066 771 1117 in
795 1063 1049 1133 epistolis
1088 1063 1161 1116 ad
1191 1060 1463 1126 Atticum,
1499 1067 1558 1113 et
1593 1061 1652 1113 in
1686 1062 1961 1114 nonnullis
1987 1061 2062 1114 ad

227 1150 556 1206 familiares,
631 1149 712 1204 At
732 1166 944 1214 eorum,
972 1149 1070 1217 qui
1093 1146 1536 1200 Theodosiorum
1561 1149 1725 1199 aetate
1750 1143 2063 1212 floruerunt,

220 1252 395 1291 ,nemo
422 1236 506 1289 sic
530 1234 726 1298 Latine
749 1236 974 1288 locutus
998 1237 1116 1299 est3
1154 1232 1255 1285 sed
1293 1247 1486 1284 omnes
1511 1231 1733 1284 dicendi
1769 1247 1937 1300 genus
1972 1234 2064 1287 vel

222 1321 398 1388 =longe
423 1321 773 1385 arcessitum,
809 1321 900 1374 vel
934 1319 1269 1387 impolitum,
1305 1317 1398 1372 vel
1421 1316 1688 1370 tumidum
1714 1323 1885 1386 atque
1907 1318 2065 1372 infla-

224 1410 376 1470 sum,
401 1405 508 1469 vel,
531 1408 594 1458 ut
618 1405 925 1474 appellant,
947 1403 1224 1467 floridum,
1258 1409 1313 1455 et
1347 1401 1612 1467 fucatum,
1638 1402 1729 1455 vel
1756 1400 2064 1472 adipatum,

223 1495 295 1545 ,et
319 1489 540 1559 pingue,
564 1490 652 1542 vel
674 1490 1040 1558 inquinatum,
1079 1493 1140 1540 et
1174 1486 1474 1552 sordidum,
1500 1487 1591 1540 vel
1617 1488 1981 1556 peregrinum,
2011 1492 2069 1542 et

235 1575 664 1645 hyposoloecum
685 1579 1037 1643 usurparunt.
1108 1572 1204 1625 Ad
1228 1573 1353 1626 haec
1379 1577 1693 1640 argumenta
1721 1573 1957 1627 accedat
1979 1574 2069 1643 ip·-

235 1660 352 1713 sius
390 1660 635 1714 auctoris
677 1659 1072 1712 testimonium.
1162 1657 1377 1727 Ipsum,
1427 1657 1674 1725 inquam,
1723 1656 1892 1728 hujus
1935 1658 2067 1713 libri

234 1746 583 1815 scriptorem,
621 1748 817 1798 testem
853 1745 1055 1809 citab0,
1093 1746 1151 1796 et
1189 1744 1570 1802 testimonium
1607 1748 1799 1797 contra
1823 1760 1942 1809 eos,
1970 1744 2068 1815 qui

231 1845 365 1884 eum
385 1829 689 1884 Theodosii
726 1829 1003 1898 aequalem
1036 1828 1208 1881 fuisse
1245 1827 1604 1892 contendunt,
1625 1828 1916 1892 dicentem
1941 1846 2069 1899 pro-

238 1916 458 1970 ducam.
532 1916 629 1969 Sic
675 1915 840 1983 igitur
876 1914 936 1966 in
978 1912 1237 1967 Miltiade
1272 1912 1348 1982 (1.
1371 1910 1479 1982 6.):
1536 1915 1554 1940 ‘
1575 1912 1752 1983 Cujus
1801 1916 2069 1981 victoriae,

220 2017 348 2054 «non
371 2002 607 2055 alienum
630 2001 871 2064 videtur,
909 1999 1072 2069 quale
1103 1999 1397 2075 praemium!
1417 1997 1670 2053 Miltiadi
1694 1998 1766 2052 sit
1786 2001 2069 2066 tributum,

239 2086 471 2140 dooere:
509 2101 621 2156 quo
658 2086 878 2140 facilius
905 2085 1138 2155 intelligi
1160 2086 1361 2155 possit,
1388 2085 1643 2139 eamdem
1665 2086 1907 2138 omnium
1935 2086 2073 2139 civi·

238 2175 412 2224 tatum
442 2187 565 2225 esse
599 2179 874 2226 naturam.
947 2170 1028 2225 Ut
1050 2171 1192 2226 enim
1216 2170 1414 2240 populi
1436 2171 1615 2224 nostri
1637 2170 1872 2223 honores
1897 2188 2072 2240 quon-

240 2257 370 2310 dam
403 2257 628 2311 fuerunt
670 2259 780 2312 rari
814 2262 870 2311 et
903 2262 1114 2323 tenueS,
1156 2257 1229 2310 ob
1275 2273 1512 2324 eamque
1555 2272 1784 2310 causam
1827 2257 2071 2323 gloriosi,

239 2356 383 2394 nunc
409 2347 594 2396 autem
617 2342 778 2397 effusi
802 2347 972 2411 atque
996 2342 1263 2408 obsoleti;
1303 2341 1388 2394 sic
1422 2341 1555 2395 olim
1588 2341 1736 2411 apud
1772 2339 2074 2395 Athenien-

241 2441 336 2478 ses
371 2425 540 2479 fuisse
575 2426 916 2495 reperimus!
991 2426 1143 2480 Haec
1182 2425 1350 2479 verba
1392 2430 1646 2493 arguunt,
1689 2425 1837 2479 hunc
1871 2425 2074 2480 librum

243 2511 510 2580 scriptum
546 2528 690 2576 esse,
728 2527 840 2580 quo
876 2516 1122 2580 tempore
1157 2527 1334 2581 penes
1370 2512 1641 2581 populum
1676 2512 1864 2581 aliqua
1902 2512 2074 2586 etiam

239 2601 499 2664 potestas
524 2602 663 2650 erat.
738 2596 888 2652 Nam
926 2613 1038 2665 quo
1075 2601 1324 2665 tempore
1361 2596 1714 2650 Theodosius
1746 2596 2074 2665 imperabat,

223 2679 383 2732 ¹nihil
426 2684 645 2749 poterat
679 2681 936 2750 populus.
1011 2680 1108 2733 Sic
1156 2679 1306 2734 idem
1348 2681 1557 2734 ibidem
1591 2679 1662 2750 (1.
1683 2677 1791 2749 8.):
1832 2684 1847 2706 ‘
1870 2678 2074 2732 Omnes

221 2767 426 2822 autem
461 2771 522 2819 et
555 2765 822 2820 habentur
857 2770 913 2819 et
948 2765 1204 2826 dicuntur
1239 2767 1475 2836 tyranni,
1517 2765 1615 2835 qui
1642 2768 1919 2835 potestate
1951 2768 2076 2817 sunt

242 2852 515 2918 perpetua
534 2851 592 2904 iu
615 2866 686 2903 ea
710 2849 958 2914 civitate,
992 2867 1121 2923 quae
1152 2851 1404 2904 libertate
1435 2866 1544 2905 usa
1569 2850 1687 2904 est.’
1762 2849 1926 2917 Quis,
1962 2866 2075 2902 me-

243 2931 500 2988 diocriter
533 2934 593 2998 in
629 2935 847 2989 Latinis
879 2935 1131 2990 historiis
1166 2936 1413 3007 legendis
1450 2943 1730 3002 versatuS‚
1764 2953 1875 2990 non
1907 2935 2077 2989 sentit

215 3062 218 3068 ,
244 3018 524 3084 continuo,
549 3036 678 3074 cum
714 3021 841 3091 haec
873 3021 1032 3075 audit
1062 3026 1161 3076 aut
1194 3023 1347 3092 legit,
1380 3039 1448 3075 ea
1483 3039 1592 3076 non
1617 3039 1740 3076 esse
1766 3021 1978 3090 scripta
2001 3020 2074 3074 ab

216 3144 219 3147 ,
245 3102 468 3157 homine
493 3105 551 3157 in
572 3103 763 3175 regno,
795 3107 890 3161 vel
920 3108 978 3160 in
1011 3108 1256 3176 potentia
1284 3107 1567 3176 singulari,
1593 3114 1724 3162 nato
1750 3116 1919 3176 atque
1943 3103 2077 3158 edu·

247 3189 412 3241 cato?
469 3187 619 3242 Nam
659 3190 710 3243 si
746 3192 828 3245 ita
860 3190 1204 3260 scripsisset,
1242 3191 1628 3246 Theodosium
1664 3190 1855 3244 eadem
1908 3205 2079 3260 opera

218 3319 221 3322 ,
247 3272 266 3298 ⁴
285 3271 606 3339 tyrannum’
646 3275 1002 3343 appellasset,
1036 3275 1135 3344 qui
1158 3275 1492 3344 singularem
1516 3277 1839 3348 potentiam,
1877 3280 1935 3327 et
1957 3291 2079 3344 reg-

245 3370 380 3408 num
421 3358 482 3409 in
499 3358 746 3411 ¹civitate
782 3360 919 3413 olim
933 3359 1129 3414 'libera
1161 3360 1464 3424 obtinebat,
1505 3360 1766 3431 quamvis
1802 3359 2079 3432 populum

234 3455 361 3501 ,non
400 3440 653 3506 liberum,
695 3441 796 3496 sed
832 3443 957 3514 Jam
1001 3443 1250 3515 servituti
1296 3444 1699 3511 assuefactum,
1748 3451 2077 3516 acceperat:

355 3538 500 3593 Detpae.
514 3543 553 3581 et
576 3538 670 3582 γαν.
689 3540 797 3584 Clas.
1126 3543 1230 3595 Nep.
1931 3542 1968 3583 C
