2326 3860
479 346 664 387 eorm.
703 346 967 388 Nero'rls
1008 346 1153 388 xxi.
1195 347 1276 386 nn
1319 343 1612 397 unamve,
1653 346 1789 385 cAP.
1826 332 1881 386 1.
1993 332 2102 387 293

263 465 545 537 Spartani.
619 466 713 520 Ex
734 466 823 520 his
848 482 998 531 vero,
1025 466 1123 536 qui
1148 466 1514 519 dominatum⁵
1541 462 1775 534 imperio
1798 470 2102 531 tenuerunt,

261 549 736 605 excellentissimi⁶
761 550 997 614 fuerunt,
1022 549 1113 622 (ut
1145 566 1252 603 nos
1282 547 1650 620 judicamus)
1672 550 1969 603 Persarum
1994 550 2106 620 Cy-

263 631 400 700 ruS,‘
429 641 487 688 et
512 636 739 701 DariuS,
767 634 1104 704 Hystaspis⁷
1132 635 1280 688 filius
1299 652 1312 689 :
1329 641 1352 672 ³
1390 650 1625 703 quorum
1659 634 1891 704 uterque
1921 637 2107 705 priva-

262 717 385 773 tush
409 720 605 773 virtute
641 735 871 788 regnum
893 725 981 772 est
1005 719 1262 788 adeptus,
1339 720 1498 773 Prior
1522 719 1721 772 horum
1761 720 1911 789 apud
1949 720 2105 774 Mas-

267 802 500 873 sagetasi
542 805 599 857 in
632 805 831 875 praelio
870 803 1112 858 cecidit.⁸
1204 805 1412 858 Darius
1455 809 1738 859 senectute
1778 805 1923 858 diem
1965 806 2108 860 obiit

265 888 614 959 supremum.j
686 890 825 943 Tres
865 892 993 942 sunt
1035 893 1312 959 praeterea
1352 889 1625 958 ejusdem9
1666 892 1916 958 generis3
1955 890 2108 943 Xer-

266 981 438 1038 xes,¹⁰
461 979 517 1027 et
540 975 651 1028 duo
667 971 1059 1040 ArtaxerxeS,¹²
1085 973 1404 1028 Macrochir
1429 978 1528 1026 et¹¹
1557 974 1842 1028 Mnemon.
1919 974 2109 1031 Xerxi

266 1060 513 1112 maxime
537 1066 625 1113 est
647 1059 881 1124 illustre,
925 1059 1123 1129 quod¹²
1149 1059 1410 1113 maximis
1434 1064 1567 1128 post
1590 1059 1876 1113 hominum
1902 1077 2111 1115 merno-

267 1143 409 1198 riam
459 1146 794 1199 exercitibus
845 1149 997 1198 terra
1037 1145 1293 1214 marique
1345 1145 1555 1197 bellum
1605 1146 1788 1199 intulit
1849 1146 2109 1209 Graeciae,

266 1226 352 1282 At
376 1229 690 1284 Macrochir
714 1232 1058 1300 praecipuam
1084 1230 1298 1284 habet¹³
1330 1230 1550 1283 laudem
1586 1231 1953 1300 amplissimae
1987 1232 2112 1301 pul-

205 1339 210 1343 «
270 1313 667 1387 cherrimaeque
690 1317 942 1387 corporis
968 1316 1184 1381 formae,
1225 1332 1391 1386 quam
1412 1315 1722 1369 incredibili
1744 1317 1965 1371 ornavit
2001 1318 2134 1372 virm

270 1404 389 1452 tute
426 1401 575 1455 belli.
651 1400 913 1474 Namque
950 1402 1050 1456 illo
1086 1402 1290 1455 Perses
1326 1417 1488 1454 nemo
1513 1400 1622 1455 fuit
1656 1417 1823 1456 manu
1854 1401 2114 1454 furtim-‚¹4

1035 1535 1333 1552 “O“OONOOO

272 1619 410 1673 Long.
430 1621 552 1673 Mag.
574 1621 809 1663 Patav.—5
839 1621 914 1663 Ita
937 1621 1022 1662 Ms.
1054 1621 1176 1663 Leid.
1209 1625 1248 1664 2.
1281 1620 1369 1663 Ax.
1384 1622 1511 1663 Voss.
1531 1625 1567 1662 1.
1586 1625 1628 1662 2.
1646 1625 1688 1662 3.
1742 1621 1827 1663 Sed
1846 1621 1975 1663 orbem
1993 1622 2115 1662 domi-

271 1678 357 1714 tam
375 1674 455 1717 Ed.
475 1675 573 1717 Ald.
601 1676 758 1716 Statim
776 1676 983 1728 imperium
1011 1676 1096 1717 Ms.
1124 1677 1253 1716 Voss.
1273 1679 1311 1716 3.
1345 1681 1392 1717 et
1419 1677 1665 1716 retinuerunt
1694 1677 1774 1717 Ex.
1804 1677 1965 1718 Venet.
1998 1676 2113 1728 apud

271 1728 565 1780 Magium.—6
594 1731 980 1771 Excellentissimum
1010 1731 1092 1771 Ms.
1114 1729 1235 1771 Leid.
1266 1732 1391 1771 2.-7
1427 1730 1588 1782 Usta-epi
1610 1730 1694 1770 Ms.
1716 1730 1836 1771 Leid.
1855 1734 1895 1771 2.
1924 1730 2114 1783 Hirtapsi

272 1782 360 1822 Ms.
380 1782 504 1822 Voss.
534 1787 572 1825 1.
599 1785 740 1837 irtapsi
758 1785 845 1825 Ms.
863 1785 987 1824 Voss.
1022 1788 1061 1826 3.
1104 1782 1312 1836 Histaspis
1340 1783 1424 1825 Ed.
1454 1783 1556 1825 Ald.
1586 1784 1734 1825 Boecl.
1754 1784 1923 1824 Keuch.
1941 1785 2042 1825 Bos.
2074 1788 2114 1824 1.

274 1835 464 1888 Histaspi
494 1837 576 1878 Ed.
607 1838 730 1880 Jens.
764 1837 886 1878 Med.
929 1839 1032 1878 Par.
1084 1837 1301 1889 Hystapst's
1344 1837 1426 1878 Ed.
1461 1838 1568 1890 Arg.
1628 1838 1828 1892 Hyrptasi
1857 1838 1944 1878 Ms.
1973 1837 2115 1878 Ax.—

274 1892 300 1929 8
328 1889 399 1930 Ita
413 1891 541 1930 etiam
559 1892 646 1932 Ms.
670 1891 791 1932 Leid.
819 1896 861 1932 2.
903 1891 990 1932 Sed
1008 1891 1152 1932 occidit
1172 1892 1254 1932 Ms.
1276 1891 1475 1932 Mendos.
1493 1893 1618 1932 Voss.
1640 1895 1679 1933 1.
1699 1895 1739 1934 2.
1760 1895 1881 1932 3.--9
1913 1890 2013 1941 Ejus
2033 1893 2116 1933 ΜΒ.

272 1941 467 1984 Ax.—1o
496 1944 646 1985 Xerses
656 1945 742 1986 Ms.
762 1945 887 1986 Leid.
905 1948 947 1986 2.
967 1946 1090 1986 Voss.
1109 1948 1149 1986 l.
1168 1948 1208 1987 3.
1263 1945 1372 1986 Mox
1390 1945 1434 1985 in
1452 1945 1602 1986 iisdem
1618 1946 1738 1986 libris
1755 1951 1849 1987 erat
1864 1948 2117 1987 Artaxer—ses.

272 2001 381 2039 —11
411 1999 543 2040 Μαι-ν.
568 2011 715 2052 quoque
746 2003 785 2040 et
820 2000 906 2040 Ms.
941 2000 1069 2041 Voss.
1101 2003 1139 2039 1.
1167 1999 1287 2040 Leid.
1306 2003 1345 2041 2.
1374 1999 1456 2039 Ed.
1485 1999 1607 2041 Jens.
1627 1999 1750 2040 Med.
1769 1999 1874 2051 Arg.
1894 2000 1994 2039 Par.
2016 1998 2121 2041 Ald.

274 2050 410 2104 Iaong.
433 2052 552 2104 Mag.
608 2053 660 2093 In
678 2054 800 2094 Voss.
821 2057 860 2094 2.
882 2066 960 2107 pro
988 2050 1217 2095 Macrochir
1233 2058 1328 2093 erat
1354 2054 1608 2094 Machrodne.
1663 2053 1817 2094 Statim
1838 2054 2015 2093 Memion
2032 2054 2118 2095 Ms.

266 2104 398 2146 Leid.
417 2109 459 2147 2.
514 2107 674 2148 Memno
691 2108 779 2148 Ms.
797 2109 923 2148 Voss.
940 2111 980 2149 2.
1021 2109 1207 2148 Memnon
1225 2108 1311 2148 ΜΒ.
1337 2108 1463 2147 Voss.
1483 2110 1525 2148 3.
1543 2107 1624 2148 Ed.
1656 2107 1757 2148 Ald.
1790 2108 1926 2159 Long.
1946 2107 2120 2161 ubique.

274 2158 424 2200 Menon
454 2160 534 2201 Ed.
566 2161 688 2203 Jens.
725 2161 845 2203 Med.
878 2162 986 2214 Arg.
1019 2161 1120 2202 Par.
1161 2161 1441 2214 ubique-12
1471 2161 1585 2207 Quod
1619 2161 1769 2202 aberat
1798 2174 1823 2201 a
1858 2162 1942 2203 Ms.
1974 2159 2120 2201 Ax.—

277 2215 328 2255 13
358 2213 538 2255 liaberet
563 2215 650 2256 Ms.
677 2216 803 2257 Voss.
835 2219 984 2258 1.-14
1011 2215 1083 2257 Sic
1115 2215 1202 2258 Ms.
1234 2215 1434 2257 Mendes.
1462 2215 1583 2257 Leid.
1613 2218 1654 2258 2.
1682 2216 1806 2257 Voss.
1831 2219 1869 2258 1.
1887 2220 1928 2256 2.
1949 2218 1990 2257 3.
2018 2215 2118 2269 (nisi

1105 2351 1290 2394 NOTAE

329 2445 351 2473 ¹
376 2446 522 2500 Cyrus]
553 2447 621 2487 Ex
638 2446 874 2498 Mandane,
891 2444 1091 2499 Astyagis
1116 2444 1167 2487 fi-

278 2509 350 2560 lia,
370 2516 416 2551 et
434 2510 646 2563 Cambyse
666 2510 804 2552 Persa
823 2515 966 2562 natus,
997 2510 1071 2563 qui
1089 2514 1168 2551 ‘sua

272 2574 440 2616 virtute
476 2574 705 2615 Medorum
751 2575 946 2627 Regnum
984 2573 1168 2626 adeptus

278 2645 363 2692 est,
381 2651 433 2681 ac
451 2638 687 2692 Imperium
719 2650 746 2679 a
771 2637 915 2679 Medis
934 2637 986 2678 ad
1009 2638 1167 2679 Persas

279 2703 515 2745 transtulit.

332 2767 356 2803 Β
374 2769 432 2809 Et
445 2768 611 2820 Darius,
622 2766 842 2821 Hystaspis
841 2765 979 2821 filius]
997 2766 1071 2807 De
1083 2766 1166 2807 hoc

272 2831 366 2885 jam
382 2843 526 2884 supra.

336 2894 357 2922 Β
386 2895 564 2941 Quorum
592 2898 752 2947 sterque
780 2893 979 2946 privatus]
1025 2894 1166 2947 Cyrus

284 2958 398 3000 enim
416 2958 648 2999 Persarum
668 2956 796 2998 armis
814 2955 990 3009 adjutus
1010 2956 1168 3010 Astya-

284 3035 383 3076 gem
416 3022 568 3075 Regno
607 3023 790 3075 expulit.
853 3021 1016 3063 Darius
1047 3033 1168 3069 vero,

284 3086 429 3139 Magis
448 3086 618 3138 occisis,
634 3087 707 3140 qui
722 3086 952 3128 Persarum
972 3086 1170 3138 Regnum

281 3151 435 3194 frande
452 3155 781 3204 usurpaverant,
811 3163 867 3191 ex
885 3150 1054 3203 privato
1075 3151 1171 3190 Rex

286 3227 367 3269 per
394 3215 494 3268 equi
524 3214 588 3255 sui
616 3213 829 3255 hinnitum
856 3214 1067 3255 salutatus
1086 3218 1172 3254 est.

285 3279 399 3322 vide
418 3280 533 3323 Just.
549 3278 628 3319 lib.
647 3290 679 3319 1.
699 3281 768 3320 10.

341 3342 354 3371 ¹
397 3343 519 3385 Prior
563 3341 700 3381 horum
751 3341 858 3392 apud
902 3338 1175 3392 Massagetas]

289 3400 399 3449 Cum
421 3407 559 3460 Cyrus
590 3404 797 3446 adversus
813 3402 1058 3456 Thomyrim
1090 3403 1173 3444 Re·

290 3468 433 3523 ginam
474 3468 749 3522 Scytharum,
794 3465 863 3507 vel
906 3466 1175 3519 Massageta·

290 3544 402 3585 rum,
428 3532 587 3573 bellum
605 3532 821 3582 movisset,
851 3528 1045 3571 secundo
1064 3540 1173 3582 prae·

1232 2444 1374 2486 Porro
1390 2445 1651 2499 Massagetae
1679 2450 1830 2499 gentes
1849 2449 1976 2486 erant
1993 2456 2122 2497 supra

1231 2520 1352 2549 mare
1384 2508 1589 2565 Caspium
1624 2509 1745 2560 sitae3
1774 2508 1889 2550 unde
1916 2509 2045 2549 Getae
2074 2513 2123 2549 et

1233 2572 1407 2624 Scythae
1428 2585 1499 2613 eas
1527 2573 1707 2614 circiter
1736 2572 1932 2626 regiones
1959 2571 2124 2612 incole·

1234 2636 1357 2689 bant,
1388 2649 1484 2690 quae
1519 2637 1647 2678 hodie
1681 2637 1801 2678 Catai
1833 2635 2121 2677 nominantur.

1233 2700 1347 2743 Vide
1365 2700 1664 2743 Ptolemaeum.

1283 2762 1298 2798 i
1325 2764 1480 2804 Darius
1501 2768 1699 2806 senectute
1725 2765 1830 2805 diem
1857 2763 1957 2804 obiit
1987 2775 2123 2816 supre-

1230 2829 1356 2881 mum]
1386 2829 1495 2870 Eum
1527 2842 1731 2881 regnasse
1764 2833 1831 2871 36.
1865 2840 1998 2869 annos
2032 2829 2124 2869 He·

1233 2892 1410 2934 rodotus
1442 2894 1519 2945 ait,
1551 2893 1625 2934 lib.
1645 2904 1709 2933 ιν.
1748 2904 1993 2946 quanquam
2021 2903 2126 2932 non·

1231 2957 1340 2998 nulli
1357 2959 1427 2997 sl.
1445 2962 1614 2998 tantum
1634 2962 1680 2997 et
1699 2956 1793 2997 dies
1813 2959 1881 2996 30.
1901 2960 2111 2995 asserunt.

1287 3019 1309 3048 ¹¹
1337 3021 1515 3073 Xerxes,
1542 3024 1581 3061 et
1611 3023 1687 3061 duo
1716 3018 1983 3070 Artaxerxes]
2025 3018 2124 3060 Jam

1237 3083 1294 3125 de
1322 3084 1474 3126 Xerxe
1504 3095 1649 3136 supra.
1703 3083 1954 3124 Notandum
1979 3087 2125 3121 tamen

1238 3152 1308 3188 est
1338 3148 1500 3190 Xerxis
1539 3158 1694 3187 nomen
1732 3150 1956 3186 commune
1992 3143 2127 3186 fuisse

1238 3213 1470 3254 Persarum
1484 3211 1692 3263 Regibus,
1710 3209 2067 3265 quemadmodum
2077 3216 2130 3251 et

1240 3277 1362 3330 Cyri.
1389 3277 1612 3319 Quantum
1633 3287 1735 3317 vero
1749 3275 1803 3317 ad
1823 3275 1908 3316 duo
1920 3274 2130 3318 Artaxer·

1238 3351 1348 3390 xes3
1375 3339 1487 3380 alter
1519 3338 1680 3380 Xerxis
1712 3338 1826 3379 tilius
1852 3337 1951 3390 fuit,
1968 3343 2014 3379 et
2033 3337 2128 3378 dic-

1239 3409 1311 3445 tus
1329 3407 1399 3444 est
1418 3402 1681 3454 Macrochir,
1712 3414 1789 3443 seu
1808 3402 2128 3456 Longimanus;

1241 3468 1354 3508 alter
1364 3465 1467 3521 Cyri
1473 3465 1658 3519 Junioris
1672 3465 1824 3520 frater,
1838 3470 2128 3522 cognomento

1241 3530 1466 3584 Mnemon,
1483 3541 1560 3572 seu
1574 3529 1759 3572 Memor.

291 3597 348 3639 lio
369 3597 508 3639 victus
526 3597 641 3640 inter
657 3601 850 3640 mortuos
869 3595 1067 3638 inventus
1086 3600 1170 3638 est.
1237 3594 1245 3609 ‘
