<?xml version="1.0" encoding="UTF-8"?>
<!DOCTYPE html PUBLIC "-//W3C//DTD XHTML 1.0 Transitional//EN"
    "http://www.w3.org/TR/xhtml1/DTD/xhtml1-transitional.dtd">
<html xmlns="http://www.w3.org/1999/xhtml" xml:lang="en" lang="en">
 <head>
  <title>
</title>
<meta http-equiv="Content-Type" content="text/html;charset=utf-8" />
  <meta name='ocr-system' content='tesseract 3.04.00' />
  <meta name='ocr-capabilities' content='ocr_page ocr_carea ocr_par ocr_line ocrx_word'/>
</head>
<body>
  <div class='ocr_page' id='page_1' title='image "./vitaeexcellentiu01nepouoft_0254.png"; bbox 0 0 2326 3860; ppageno 0'>
   <div class='ocr_carea' id='block_1_1' title="bbox 256 235 2193 1712">
    <p class='ocr_par' dir='ltr' id='par_1_1' title="bbox 338 235 1617 292">
     <span class='ocr_line' id='line_1_1' title="bbox 338 235 1617 292; baseline 0.002 -2"><span class='ocrx_word' id='word_1_1' title='bbox 338 235 448 291; x_wconf 79' lang='lat'>240</span> <span class='ocrx_word' id='word_1_2' title='bbox 854 277 861 286; x_wconf 87' lang='lat'>.</span> <span class='ocrx_word' id='word_1_3' title='bbox 949 250 1256 291; x_wconf 68' lang='lat' dir='ltr'>connnnn</span> <span class='ocrx_word' id='word_1_4' title='bbox 1297 250 1563 292; x_wconf 71' lang='lat' dir='ltr'>Naro-ns</span> <span class='ocrx_word' id='word_1_5' title='bbox 1613 270 1617 273; x_wconf 88' lang='lat'>·</span> 
     </span>
    </p>

    <p class='ocr_par' dir='ltr' id='par_1_2' title="bbox 256 368 2193 1287">
     <span class='ocr_line' id='line_1_2' title="bbox 369 368 2185 441; baseline 0.004 -19"><span class='ocrx_word' id='word_1_6' title='bbox 369 388 372 394; x_wconf 47' lang='lat'>¹</span> <span class='ocrx_word' id='word_1_7' title='bbox 409 370 463 423; x_wconf 89' lang='grc'>4.</span> <span class='ocrx_word' id='word_1_8' title='bbox 503 368 637 424; x_wconf 90' lang='lat' dir='ltr'>Hoc</span> <span class='ocrx_word' id='word_1_9' title='bbox 678 369 1053 425; x_wconf 76' lang='lat' dir='ltr'>tamturbido</span> <span class='ocrx_word' id='word_1_10' title='bbox 1076 368 1078 371; x_wconf 82' lang='grc'><strong>’</strong></span> <span class='ocrx_word' id='word_1_11' title='bbox 1100 375 1368 438; x_wconf 81' lang='lat' dir='ltr'>tempore,</span> <span class='ocrx_word' id='word_1_12' title='bbox 1415 371 1564 424; x_wconf 84' lang='lat' dir='ltr'>sicut</span> <span class='ocrx_word' id='word_1_13' title='bbox 1610 386 1787 441; x_wconf 79' lang='lat' dir='ltr'>supra</span> <span class='ocrx_word' id='word_1_14' title='bbox 1832 371 2185 439; x_wconf 45' lang='lat' dir='ltr'>domimum-²</span> 
     </span>
     <span class='ocr_line' id='line_1_3' title="bbox 333 453 2182 524; baseline 0.002 -16"><span class='ocrx_word' id='word_1_15' title='bbox 333 453 779 524; x_wconf 77' lang='lat' dir='ltr'>Epaminondas,</span> <span class='ocrx_word' id='word_1_16' title='bbox 820 455 1011 523; x_wconf 88' lang='lat' dir='ltr'>quoad</span> <span class='ocrx_word' id='word_1_17' title='bbox 1055 461 1207 507; x_wconf 81' lang='lat' dir='ltr'>cum²</span> <span class='ocrx_word' id='word_1_18' title='bbox 1251 456 1465 509; x_wconf 88' lang='lat' dir='ltr'>civibus</span> <span class='ocrx_word' id='word_1_19' title='bbox 1516 456 1838 511; x_wconf 78' lang='lat' dir='ltr'>dimicatum</span> <span class='ocrx_word' id='word_1_20' title='bbox 1877 458 2182 523; x_wconf 47' lang='lat' dir='ltr'>est‚⁴domi&#39;</span> 
     </span>
     <span class='ocr_line' id='line_1_4' title="bbox 338 529 2188 612; baseline 0.002 -19"><span class='ocrx_word' id='word_1_21' title='bbox 338 541 558 610; x_wconf 87' lang='lat' dir='ltr'>quietus</span> <span class='ocrx_word' id='word_1_22' title='bbox 580 540 700 592; x_wconf 75' lang='lat' dir='ltr'>fuit.</span> <span class='ocrx_word' id='word_1_23' title='bbox 778 539 976 607; x_wconf 89' lang='lat' dir='ltr'>Itaque</span> <span class='ocrx_word' id='word_1_24' title='bbox 1010 541 1141 593; x_wconf 52' lang='lat' dir='ltr'>haec*</span> <span class='ocrx_word' id='word_1_25' title='bbox 1173 542 1580 597; x_wconf 86' lang='lat' dir='ltr'>liberandarum</span> <span class='ocrx_word' id='word_1_26' title='bbox 1607 543 1919 596; x_wconf 80' lang='lat' dir='ltr'><strong>Thebarum</strong></span> <span class='ocrx_word' id='word_1_27' title='bbox 1944 529 2188 612; x_wconf 68' lang='lat' dir='ltr'>propria</span> 
     </span>
     <span class='ocr_line' id='line_1_5' title="bbox 334 615 2191 696; baseline 0.001 -17"><span class='ocrx_word' id='word_1_28' title='bbox 334 623 460 680; x_wconf 77' lang='lat' dir='ltr'>laus·</span> <span class='ocrx_word' id='word_1_29' title='bbox 485 631 576 677; x_wconf 88' lang='lat' dir='ltr'>est</span> <span class='ocrx_word' id='word_1_30' title='bbox 598 625 922 692; x_wconf 74' lang='lat' dir='ltr'>Pelopidae:</span> <span class='ocrx_word' id='word_1_31' title='bbox 953 629 1152 678; x_wconf 85' lang='lat' dir='ltr'>ceterae</span> <span class='ocrx_word' id='word_1_32' title='bbox 1178 625 1287 678; x_wconf 87' lang='lat' dir='ltr'>fere</span> <span class='ocrx_word' id='word_1_33' title='bbox 1312 642 1504 678; x_wconf 89' lang='lat' dir='ltr'>omnes</span> <span class='ocrx_word' id='word_1_34' title='bbox 1530 632 1846 679; x_wconf 86' lang='lat' dir='ltr'>commu&#39;nes</span> <span class='ocrx_word' id='word_1_35' title='bbox 1871 643 1999 680; x_wconf 85' lang='lat' dir='ltr'>cum</span> <span class='ocrx_word' id='word_1_36' title='bbox 2020 615 2191 696; x_wconf 80' lang='lat' dir='ltr'>Epa--</span> 
     </span>
     <span class='ocr_line' id='line_1_6' title="bbox 334 709 2193 781; baseline -0.001 -19"><span class='ocrx_word' id='word_1_37' title='bbox 334 709 615 762; x_wconf 87' lang='lat' dir='ltr'>minonda.</span> <span class='ocrx_word' id='word_1_38' title='bbox 693 710 949 778; x_wconf 83' lang='lat' dir='ltr'><strong>Namque</strong></span> <span class='ocrx_word' id='word_1_39' title='bbox 981 711 1059 762; x_wconf 83' lang='lat' dir='ltr'>in³</span> <span class='ocrx_word' id='word_1_40' title='bbox 1098 711 1396 764; x_wconf 81' lang='lat' dir='ltr'>Leuctrica</span> <span class='ocrx_word' id='word_1_41' title='bbox 1420 728 1626 780; x_wconf 84' lang='lat' dir='ltr'>pugna,</span> <span class='ocrx_word' id='word_1_42' title='bbox 1665 713 1995 780; x_wconf 81' lang='lat' dir='ltr'>imperatore</span> <span class='ocrx_word' id='word_1_43' title='bbox 2020 710 2193 781; x_wconf 80' lang='lat' dir='ltr'>Epa-.</span> 
     </span>
     <span class='ocr_line' id='line_1_7' title="bbox 334 794 2187 865; baseline 0.001 -18"><span class='ocrx_word' id='word_1_44' title='bbox 334 794 616 857; x_wconf 88' lang='lat' dir='ltr'>minonda‚</span> <span class='ocrx_word' id='word_1_45' title='bbox 654 795 744 847; x_wconf 89' lang='lat' dir='ltr'>hic</span> <span class='ocrx_word' id='word_1_46' title='bbox 769 795 873 847; x_wconf 86' lang='lat' dir='ltr'>fuit</span> <span class='ocrx_word' id='word_1_47' title='bbox 898 795 1042 847; x_wconf 80' lang='lat' dir='ltr'>dux4</span> <span class='ocrx_word' id='word_1_48' title='bbox 1065 794 1298 849; x_wconf 87' lang='lat' dir='ltr'>delectae</span> <span class='ocrx_word' id='word_1_49' title='bbox 1326 803 1562 860; x_wconf 47' lang='lat' dir='ltr'>manus?</span> <span class='ocrx_word' id='word_1_50' title='bbox 1587 812 1716 865; x_wconf 88' lang='lat' dir='ltr'>quae</span> <span class='ocrx_word' id='word_1_51' title='bbox 1745 799 1922 865; x_wconf 89' lang='lat' dir='ltr'>prima</span> <span class='ocrx_word' id='word_1_52' title='bbox 1943 797 2187 865; x_wconf 61' lang='lat' dir='ltr'>phalan-</span> 
     </span>
     <span class='ocr_line' id='line_1_8' title="bbox 333 879 2173 950; baseline 0.003 -21"><span class='ocrx_word' id='word_1_53' title='bbox 333 880 780 947; x_wconf 78' lang='lat' dir='ltr'>gemprostravit</span> <span class='ocrx_word' id='word_1_54' title='bbox 789 879 1073 932; x_wconf 89' lang='lat' dir='ltr'>Laconum</span> <span class='ocrx_word' id='word_1_55' title='bbox 1093 897 1106 932; x_wconf 89' lang='lat'>:</span> <span class='ocrx_word' id='word_1_56' title='bbox 1131 881 1386 932; x_wconf 88' lang='lat' dir='ltr'>omnibus</span> <span class='ocrx_word' id='word_1_57' title='bbox 1403 885 1675 949; x_wconf 76' lang='lat' dir='ltr'>praeterea</span> <span class='ocrx_word' id='word_1_58' title='bbox 1694 883 1958 950; x_wconf 83' lang='lat' dir='ltr'>periculis</span> <span class='ocrx_word' id='word_1_59' title='bbox 1983 880 2173 935; x_wconf 84' lang='lat' dir='ltr'>affuit:</span> 
     </span>
     <span class='ocr_line' id='line_1_9' title="bbox 332 963 2184 1035; baseline 0.001 -19"><span class='ocrx_word' id='word_1_60' title='bbox 332 963 482 1016; x_wconf 85' lang='lat' dir='ltr'>sicut</span> <span class='ocrx_word' id='word_1_61' title='bbox 506 963 769 1031; x_wconf 84' lang='lat' dir='ltr'>Spartam</span> <span class='ocrx_word' id='word_1_62' title='bbox 794 981 923 1016; x_wconf 91' lang='lat' dir='ltr'>cum</span> <span class='ocrx_word' id='word_1_63' title='bbox 949 965 1316 1032; x_wconf 87' lang='lat' dir='ltr'>oppugnavit,</span> <span class='ocrx_word' id='word_1_64' title='bbox 1343 964 1574 1017; x_wconf 88' lang='lat' dir='ltr'>alterum</span> <span class='ocrx_word' id='word_1_65' title='bbox 1599 967 1772 1018; x_wconf 88' lang='lat' dir='ltr'>tenuit</span> <span class='ocrx_word' id='word_1_66' title='bbox 1796 982 1997 1019; x_wconf 87' lang='lat' dir='ltr'>cornu:</span> <span class='ocrx_word' id='word_1_67' title='bbox 2035 976 2184 1035; x_wconf 67' lang='lat' dir='ltr'>quo-r·</span> 
     </span>
     <span class='ocr_line' id='line_1_10' title="bbox 256 1046 2181 1119; baseline 0.003 -20"><span class='ocrx_word' id='word_1_68' title='bbox 256 1109 258 1115; x_wconf 19' lang='lat' dir='ltr'>y</span> <span class='ocrx_word' id='word_1_69' title='bbox 334 1046 758 1118; x_wconf 82' lang='lat' dir='ltr'>queMessena⁵</span> <span class='ocrx_word' id='word_1_70' title='bbox 786 1050 1024 1102; x_wconf 89' lang='lat' dir='ltr'>celerius</span> <span class='ocrx_word' id='word_1_71' title='bbox 1069 1049 1485 1113; x_wconf 72' lang='lat' dir='ltr'>restitueretur,⁴</span> <span class='ocrx_word' id='word_1_72' title='bbox 1520 1052 1732 1119; x_wconf 88' lang='lat' dir='ltr'>legatus</span> <span class='ocrx_word' id='word_1_73' title='bbox 1760 1050 1819 1102; x_wconf 89' lang='lat' dir='ltr'>in</span> <span class='ocrx_word' id='word_1_74' title='bbox 1845 1051 2057 1104; x_wconf 80' lang='lat' dir='ltr'>Persas</span> <span class='ocrx_word' id='word_1_75' title='bbox 2083 1055 2181 1104; x_wconf 83' lang='lat' dir='ltr'>est·</span> 
     </span>
     <span class='ocr_line' id='line_1_11' title="bbox 333 1132 2173 1202; baseline 0.002 -17"><span class='ocrx_word' id='word_1_76' title='bbox 333 1132 665 1200; x_wconf 51' lang='lat' dir='ltr'>profectusff&#39;</span> <span class='ocrx_word' id='word_1_77' title='bbox 737 1134 995 1202; x_wconf 86' lang='lat' dir='ltr'>Denique</span> <span class='ocrx_word' id='word_1_78' title='bbox 1035 1133 1157 1186; x_wconf 87' lang='lat' dir='ltr'>haec</span> <span class='ocrx_word' id='word_1_79' title='bbox 1196 1133 1302 1186; x_wconf 88' lang='lat' dir='ltr'>fuit</span> <span class='ocrx_word' id='word_1_80' title='bbox 1337 1134 1511 1186; x_wconf 88' lang='lat' dir='ltr'>altera</span> <span class='ocrx_word' id='word_1_81' title='bbox 1533 1137 1775 1202; x_wconf 80' lang='lat' dir='ltr'>persona</span> <span class='ocrx_word' id='word_1_82' title='bbox 1795 1134 2048 1200; x_wconf 57' lang='lat' dir='ltr'>Thebis?</span> <span class='ocrx_word' id='word_1_83' title='bbox 2072 1133 2173 1189; x_wconf 81' lang='lat' dir='ltr'>sed</span> 
     </span>
     <span class='ocr_line' id='line_1_12' title="bbox 334 1216 1938 1287; baseline 0.001 -18"><span class='ocrx_word' id='word_1_84' title='bbox 334 1221 520 1270; x_wconf 89' lang='lat' dir='ltr'>tamen</span> <span class='ocrx_word' id='word_1_85' title='bbox 547 1219 812 1282; x_wconf 85' lang='lat' dir='ltr'>secunda,</span> <span class='ocrx_word' id='word_1_86' title='bbox 851 1220 931 1270; x_wconf 86' lang='lat' dir='ltr'>ita</span> <span class='ocrx_word' id='word_1_87' title='bbox 958 1224 1019 1270; x_wconf 89' lang='lat' dir='ltr'>ut</span> <span class='ocrx_word' id='word_1_88' title='bbox 1046 1216 1305 1286; x_wconf 81' lang='lat' dir='ltr'>proxima</span> <span class='ocrx_word' id='word_1_89' title='bbox 1326 1223 1475 1270; x_wconf 88' lang='lat' dir='ltr'>esset</span> <span class='ocrx_word' id='word_1_90' title='bbox 1497 1217 1938 1287; x_wconf 62' lang='lat' dir='ltr'>Epaminondae!</span> 
     </span>
    </p>

    <p class='ocr_par' dir='ltr' id='par_1_3' title="bbox 330 1302 2191 1712">
     <span class='ocr_line' id='line_1_13' title="bbox 402 1302 2176 1356; baseline -0.001 0"><span class='ocrx_word' id='word_1_91' title='bbox 402 1304 456 1356; x_wconf 87' lang='grc'>5.</span> <span class='ocrx_word' id='word_1_92' title='bbox 499 1302 859 1356; x_wconf 80' lang='lat' dir='ltr'>Conflictatus</span> <span class='ocrx_word' id='word_1_93' title='bbox 888 1308 1070 1356; x_wconf 87' lang='lat' dir='ltr'>autem</span> <span class='ocrx_word' id='word_1_94' title='bbox 1097 1307 1183 1355; x_wconf 86' lang='lat' dir='ltr'>est</span> <span class='ocrx_word' id='word_1_95' title='bbox 1208 1320 1332 1356; x_wconf 91' lang='lat' dir='ltr'>cum</span> <span class='ocrx_word' id='word_1_96' title='bbox 1369 1303 1607 1356; x_wconf 87' lang='lat' dir='ltr'>adversa</span> <span class='ocrx_word' id='word_1_97' title='bbox 1629 1304 1867 1356; x_wconf 86' lang='lat' dir='ltr'>fortuna.</span> <span class='ocrx_word' id='word_1_98' title='bbox 1942 1302 2095 1356; x_wconf 86' lang='lat' dir='ltr'>Nam</span> <span class='ocrx_word' id='word_1_99' title='bbox 2117 1307 2176 1355; x_wconf 86' lang='lat' dir='ltr'>et</span> 
     </span>
     <span class='ocr_line' id='line_1_14' title="bbox 330 1387 2174 1459; baseline 0.001 -20"><span class='ocrx_word' id='word_1_100' title='bbox 330 1387 509 1459; x_wconf 85' lang='lat' dir='ltr'>initi0‚</span> <span class='ocrx_word' id='word_1_101' title='bbox 549 1388 694 1440; x_wconf 84' lang='lat' dir='ltr'>sicut</span> <span class='ocrx_word' id='word_1_102' title='bbox 717 1388 1081 1452; x_wconf 76' lang='lat' dir='ltr'>ostendimUS,</span> <span class='ocrx_word' id='word_1_103' title='bbox 1121 1389 1255 1441; x_wconf 84' lang='lat' dir='ltr'>exul</span> <span class='ocrx_word' id='word_1_104' title='bbox 1278 1388 1462 1457; x_wconf 86' lang='lat' dir='ltr'>patria</span> <span class='ocrx_word' id='word_1_105' title='bbox 1491 1390 1713 1457; x_wconf 49' lang='lat' dir='ltr'>caruit?</span> <span class='ocrx_word' id='word_1_106' title='bbox 1739 1393 1795 1441; x_wconf 91' lang='lat' dir='ltr'>et</span> <span class='ocrx_word' id='word_1_107' title='bbox 1833 1405 1963 1442; x_wconf 91' lang='lat' dir='ltr'>cum</span> <span class='ocrx_word' id='word_1_108' title='bbox 1997 1387 2174 1441; x_wconf 77' lang='lat' dir='ltr'>Thes.-</span> 
     </span>
     <span class='ocr_line' id='line_1_15' title="bbox 332 1472 2191 1542; baseline -0.001 -16"><span class='ocrx_word' id='word_1_109' title='bbox 332 1473 549 1540; x_wconf 74' lang='lat' dir='ltr'>saliam¹</span> <span class='ocrx_word' id='word_1_110' title='bbox 593 1475 648 1526; x_wconf 88' lang='lat' dir='ltr'>in</span> <span class='ocrx_word' id='word_1_111' title='bbox 691 1478 1030 1541; x_wconf 88' lang='lat' dir='ltr'>potestatem</span> <span class='ocrx_word' id='word_1_112' title='bbox 1053 1472 1449 1542; x_wconf 85' lang='lat' dir='ltr'>Thebanorum</span> <span class='ocrx_word' id='word_1_113' title='bbox 1485 1480 1710 1542; x_wconf 89' lang='lat' dir='ltr'>cuperet</span> <span class='ocrx_word' id='word_1_114' title='bbox 1732 1473 1997 1541; x_wconf 84' lang='lat' dir='ltr'>redigere,</span> <span class='ocrx_word' id='word_1_115' title='bbox 2031 1472 2191 1540; x_wconf 79' lang='lat' dir='ltr'>lega-.</span> 
     </span>
     <span class='ocr_line' id='line_1_16' title="bbox 330 1554 2191 1630; baseline 0 -22"><span class='ocrx_word' id='word_1_116' title='bbox 330 1557 611 1628; x_wconf 87' lang='lat' dir='ltr'>tionisque</span> <span class='ocrx_word' id='word_1_117' title='bbox 650 1560 775 1628; x_wconf 89' lang='lat' dir='ltr'>jure</span> <span class='ocrx_word' id='word_1_118' title='bbox 821 1558 961 1610; x_wconf 86' lang='lat' dir='ltr'>satis</span> <span class='ocrx_word' id='word_1_119' title='bbox 999 1556 1231 1611; x_wconf 86' lang='lat' dir='ltr'>tectum²</span> <span class='ocrx_word' id='word_1_120' title='bbox 1271 1575 1332 1611; x_wconf 86' lang='lat' dir='ltr'>se</span> <span class='ocrx_word' id='word_1_121' title='bbox 1388 1559 1790 1622; x_wconf 73' lang='lat' dir='ltr'>arbitraretur,5</span> <span class='ocrx_word' id='word_1_122' title='bbox 1831 1555 1982 1625; x_wconf 89' lang='lat' dir='ltr'>quod</span> <span class='ocrx_word' id='word_1_123' title='bbox 2020 1554 2191 1630; x_wconf 64' lang='lat' dir='ltr'>apudK</span> 
     </span>
     <span class='ocr_line' id='line_1_17' title="bbox 333 1638 2175 1712; baseline 0 -18"><span class='ocrx_word' id='word_1_124' title='bbox 333 1657 527 1696; x_wconf 85' lang='lat' dir='ltr'>omnes</span> <span class='ocrx_word' id='word_1_125' title='bbox 570 1649 764 1712; x_wconf 88' lang='lat' dir='ltr'>gentes</span> <span class='ocrx_word' id='word_1_126' title='bbox 808 1647 1063 1696; x_wconf 89' lang='lat' dir='ltr'>sanctum</span> <span class='ocrx_word' id='word_1_127' title='bbox 1103 1658 1229 1695; x_wconf 87' lang='lat' dir='ltr'>esse</span> <span class='ocrx_word' id='word_1_128' title='bbox 1262 1647 1662 1706; x_wconf 76' lang='lat' dir='ltr'>consuesset‚³³</span> <span class='ocrx_word' id='word_1_129' title='bbox 1686 1658 1722 1695; x_wconf 88' lang='lat' dir='ltr'>a</span> <span class='ocrx_word' id='word_1_130' title='bbox 1746 1647 1978 1711; x_wconf 88' lang='lat' dir='ltr'>tyranno</span> <span class='ocrx_word' id='word_1_131' title='bbox 2002 1638 2175 1694; x_wconf 85' lang='lat' dir='ltr'>Alex·</span> 
     </span>
    </p>
   </div>
   <div class='ocr_carea' id='block_1_2' title="bbox 383 1794 1526 1903">
    <p class='ocr_par' dir='ltr' id='par_1_4' title="bbox 383 1794 1526 1903">
     <span class='ocr_line' id='line_1_18' title="bbox 385 1794 1296 1848; baseline 0.002 -13"><span class='ocrx_word' id='word_1_132' title='bbox 385 1794 407 1822; x_wconf 68' lang='grc' dir='ltr'><em>ἆ</em></span> <span class='ocrx_word' id='word_1_133' title='bbox 439 1796 496 1835; x_wconf 81' lang='lat' dir='ltr'>Et</span> <span class='ocrx_word' id='word_1_134' title='bbox 515 1800 560 1836; x_wconf 83' lang='lat' dir='ltr'>ut</span> <span class='ocrx_word' id='word_1_135' title='bbox 577 1799 773 1848; x_wconf 81' lang='lat' dir='ltr'>promtius</span> <span class='ocrx_word' id='word_1_136' title='bbox 787 1799 973 1838; x_wconf 78' lang='lat' dir='ltr'>Messena</span> <span class='ocrx_word' id='word_1_137' title='bbox 992 1797 1296 1838; x_wconf 80' lang='lat' dir='ltr'>instauraretur.</span> 
     </span>
     <span class='ocr_line' id='line_1_19' title="bbox 383 1848 1526 1903; baseline 0.002 -13"><span class='ocrx_word' id='word_1_138' title='bbox 383 1855 399 1875; x_wconf 57' lang='grc' dir='ltr'><strong><em>θ</em></strong></span> <span class='ocrx_word' id='word_1_139' title='bbox 425 1848 535 1891; x_wconf 76' lang='lat' dir='ltr'>Adeo</span> <span class='ocrx_word' id='word_1_140' title='bbox 553 1854 597 1890; x_wconf 82' lang='lat' dir='ltr'>ut</span> <span class='ocrx_word' id='word_1_141' title='bbox 613 1853 819 1892; x_wconf 77' lang='lat' dir='ltr'>secundum</span> <span class='ocrx_word' id='word_1_142' title='bbox 837 1852 887 1892; x_wconf 82' lang='lat' dir='ltr'>ab</span> <span class='ocrx_word' id='word_1_143' title='bbox 906 1852 1180 1903; x_wconf 79' lang='lat' dir='ltr'>Epaminonda</span> <span class='ocrx_word' id='word_1_144' title='bbox 1204 1852 1345 1891; x_wconf 87' lang='lat' dir='ltr'>locum</span> <span class='ocrx_word' id='word_1_145' title='bbox 1362 1854 1526 1892; x_wconf 78' lang='lat' dir='ltr'>teneret.</span> 
     </span>
    </p>
   </div>
   <div class='ocr_carea' id='block_1_3' title="bbox 1104 1952 1402 1974">
    <p class='ocr_par' dir='ltr' id='par_1_5' title="bbox 1104 1952 1402 1974">
     <span class='ocr_line' id='line_1_20' title="bbox 1104 1952 1402 1974; baseline -0.003 -1"><span class='ocrx_word' id='word_1_146' title='bbox 1104 1952 1402 1974; x_wconf 66' lang='lat' dir='ltr'>Oeeeeeeeeoee·</span> 
     </span>
    </p>
   </div>
   <div class='ocr_carea' id='block_1_4' title="bbox 329 2020 2194 2566">
    <p class='ocr_par' dir='ltr' id='par_1_6' title="bbox 329 2020 2194 2566">
     <span class='ocr_line' id='line_1_21' title="bbox 348 2020 2173 2081; baseline -0.002 -13"><span class='ocrx_word' id='word_1_147' title='bbox 348 2020 356 2081; x_wconf 60' lang='lat' dir='ltr'>f</span> <span class='ocrx_word' id='word_1_148' title='bbox 383 2032 406 2068; x_wconf 88' lang='grc'>1</span> <span class='ocrx_word' id='word_1_149' title='bbox 438 2027 511 2069; x_wconf 83' lang='lat' dir='ltr'>Sic</span> <span class='ocrx_word' id='word_1_150' title='bbox 542 2028 674 2070; x_wconf 86' lang='lat' dir='ltr'>etiam</span> <span class='ocrx_word' id='word_1_151' title='bbox 703 2029 789 2069; x_wconf 87' lang='lat' dir='ltr'>Ms.</span> <span class='ocrx_word' id='word_1_152' title='bbox 811 2030 939 2069; x_wconf 77' lang='lat' dir='ltr'>Voss.</span> <span class='ocrx_word' id='word_1_153' title='bbox 963 2031 1002 2068; x_wconf 92' lang='lat'>1.</span> <span class='ocrx_word' id='word_1_154' title='bbox 1030 2029 1154 2069; x_wconf 87' lang='lat' dir='ltr'>Leid.</span> <span class='ocrx_word' id='word_1_155' title='bbox 1184 2033 1225 2070; x_wconf 84' lang='lat'>2.</span> <span class='ocrx_word' id='word_1_156' title='bbox 1255 2028 1343 2071; x_wconf 89' lang='lat' dir='ltr'>Sed</span> <span class='ocrx_word' id='word_1_157' title='bbox 1380 2028 1556 2069; x_wconf 75' lang='lat' dir='ltr'>diximus</span> <span class='ocrx_word' id='word_1_158' title='bbox 1582 2026 1662 2068; x_wconf 89' lang='lat' dir='ltr'>Ed.</span> <span class='ocrx_word' id='word_1_159' title='bbox 1697 2026 1816 2079; x_wconf 81' lang='lat' dir='ltr'>Mag.</span> <span class='ocrx_word' id='word_1_160' title='bbox 1849 2024 2001 2078; x_wconf 87' lang='lat' dir='ltr'>Steph.</span> <span class='ocrx_word' id='word_1_161' title='bbox 2031 2022 2173 2067; x_wconf 76' lang='lat' dir='ltr'>Gebh.</span> 
     </span>
     <span class='ocr_line' id='line_1_22' title="bbox 330 2079 2190 2134; baseline -0.002 -12"><span class='ocrx_word' id='word_1_162' title='bbox 330 2081 502 2122; x_wconf 84' lang='lat' dir='ltr'>Keuch.</span> <span class='ocrx_word' id='word_1_163' title='bbox 523 2083 651 2123; x_wconf 88' lang='lat' dir='ltr'>male.</span> <span class='ocrx_word' id='word_1_164' title='bbox 683 2082 843 2123; x_wconf 83' lang='lat' dir='ltr'>Statim</span> <span class='ocrx_word' id='word_1_165' title='bbox 864 2083 1165 2134; x_wconf 64' lang='lat' dir='ltr'>Epaminondas</span> <span class='ocrx_word' id='word_1_166' title='bbox 1176 2084 1264 2124; x_wconf 86' lang='lat' dir='ltr'>Ms.</span> <span class='ocrx_word' id='word_1_167' title='bbox 1283 2082 1406 2123; x_wconf 87' lang='lat' dir='ltr'>Leid.</span> <span class='ocrx_word' id='word_1_168' title='bbox 1421 2085 1545 2123; x_wconf 85' lang='grc'><strong>2.-2</strong></span> <span class='ocrx_word' id='word_1_169' title='bbox 1569 2083 1670 2122; x_wconf 81' lang='lat' dir='ltr'>Cum</span> <span class='ocrx_word' id='word_1_170' title='bbox 1689 2080 1840 2121; x_wconf 83' lang='lat' dir='ltr'>aberat</span> <span class='ocrx_word' id='word_1_171' title='bbox 1853 2092 1878 2120; x_wconf 76' lang='lat' dir='ltr'>a</span> <span class='ocrx_word' id='word_1_172' title='bbox 1895 2080 1981 2125; x_wconf 86' lang='lat' dir='ltr'>Ms.</span> <span class='ocrx_word' id='word_1_173' title='bbox 1995 2079 2190 2120; x_wconf 40' lang='lat' dir='ltr'>Vosne</span> 
     </span>
     <span class='ocr_line' id='line_1_23' title="bbox 329 2131 2190 2188; baseline -0.002 -13"><span class='ocrx_word' id='word_1_174' title='bbox 329 2139 409 2188; x_wconf 63' lang='lat'>“7‘3</span> <span class='ocrx_word' id='word_1_175' title='bbox 430 2136 523 2188; x_wconf 88' lang='lat' dir='ltr'>[Sic</span> <span class='ocrx_word' id='word_1_176' title='bbox 542 2136 623 2176; x_wconf 90' lang='lat' dir='ltr'>Ed.</span> <span class='ocrx_word' id='word_1_177' title='bbox 646 2137 796 2176; x_wconf 83' lang='lat' dir='ltr'>Lamb.</span> <span class='ocrx_word' id='word_1_178' title='bbox 812 2137 915 2176; x_wconf 85' lang='lat' dir='ltr'>Bos.</span> <span class='ocrx_word' id='word_1_179' title='bbox 929 2137 1050 2177; x_wconf 87' lang='lat' dir='ltr'>Stav.</span> <span class='ocrx_word' id='word_1_180' title='bbox 1066 2141 1105 2178; x_wconf 94' lang='lat' dir='ltr'>l.</span> <span class='ocrx_word' id='word_1_181' title='bbox 1124 2141 1164 2178; x_wconf 77' lang='lat'>3.</span> <span class='ocrx_word' id='word_1_182' title='bbox 1185 2137 1274 2178; x_wconf 88' lang='lat' dir='ltr'>Ith.</span> <span class='ocrx_word' id='word_1_183' title='bbox 1290 2135 1530 2177; x_wconf 85' lang='lat' dir='ltr'>Tzschuck.</span> <span class='ocrx_word' id='word_1_184' title='bbox 1548 2138 1587 2175; x_wconf 91' lang='lat'>1.</span> <span class='ocrx_word' id='word_1_185' title='bbox 1604 2135 1752 2175; x_wconf 88' lang='lat' dir='ltr'>Brem.</span> <span class='ocrx_word' id='word_1_186' title='bbox 1771 2134 1915 2174; x_wconf 84' lang='lat' dir='ltr'>Wetz.</span> <span class='ocrx_word' id='word_1_187' title='bbox 1935 2131 2190 2185; x_wconf 84' lang='lat' dir='ltr'>Schmied.]&#39;</span> 
     </span>
     <span class='ocr_line' id='line_1_24' title="bbox 329 2185 2187 2239; baseline -0.002 -10"><span class='ocrx_word' id='word_1_188' title='bbox 329 2190 373 2229; x_wconf 76' lang='lat' dir='ltr'>in</span> <span class='ocrx_word' id='word_1_189' title='bbox 392 2189 547 2230; x_wconf 78' lang='lat' dir='ltr'>aberat</span> <span class='ocrx_word' id='word_1_190' title='bbox 566 2202 591 2228; x_wconf 84' lang='lat' dir='ltr'>a</span> <span class='ocrx_word' id='word_1_191' title='bbox 619 2191 707 2230; x_wconf 87' lang='lat' dir='ltr'>Ms.</span> <span class='ocrx_word' id='word_1_192' title='bbox 728 2190 880 2230; x_wconf 87' lang='lat' dir='ltr'>Boecl.</span> <span class='ocrx_word' id='word_1_193' title='bbox 902 2190 1024 2230; x_wconf 89' lang='lat' dir='ltr'>Leid.</span> <span class='ocrx_word' id='word_1_194' title='bbox 1048 2193 1090 2231; x_wconf 83' lang='lat'>2.</span> <span class='ocrx_word' id='word_1_195' title='bbox 1119 2192 1245 2231; x_wconf 85' lang='lat' dir='ltr'>Voss.</span> <span class='ocrx_word' id='word_1_196' title='bbox 1267 2194 1306 2231; x_wconf 91' lang='lat' dir='ltr'>l.</span> <span class='ocrx_word' id='word_1_197' title='bbox 1337 2195 1377 2231; x_wconf 83' lang='lat'>2.</span> <span class='ocrx_word' id='word_1_198' title='bbox 1407 2189 1489 2230; x_wconf 90' lang='lat' dir='ltr'>Ed.</span> <span class='ocrx_word' id='word_1_199' title='bbox 1519 2189 1641 2230; x_wconf 86' lang='lat' dir='ltr'>Jens.</span> <span class='ocrx_word' id='word_1_200' title='bbox 1661 2188 1783 2228; x_wconf 89' lang='lat' dir='ltr'>Med.</span> <span class='ocrx_word' id='word_1_201' title='bbox 1814 2186 1919 2239; x_wconf 82' lang='lat' dir='ltr'>Arg.</span> <span class='ocrx_word' id='word_1_202' title='bbox 1949 2186 2051 2226; x_wconf 77' lang='lat' dir='ltr'>Par.</span> <span class='ocrx_word' id='word_1_203' title='bbox 2070 2185 2187 2227; x_wconf 75' lang='lat' dir='ltr'>Ala.</span> 
     </span>
     <span class='ocr_line' id='line_1_25' title="bbox 331 2238 2175 2296; baseline -0.002 -13"><span class='ocrx_word' id='word_1_204' title='bbox 331 2244 468 2293; x_wconf 78' lang='lat' dir='ltr'>Long.</span> <span class='ocrx_word' id='word_1_205' title='bbox 502 2245 622 2293; x_wconf 76' lang='lat' dir='ltr'>Mag.</span> <span class='ocrx_word' id='word_1_206' title='bbox 651 2244 773 2284; x_wconf 77' lang='lat' dir='ltr'>StaV.</span> <span class='ocrx_word' id='word_1_207' title='bbox 794 2247 834 2283; x_wconf 91' lang='grc'>2.</span> <span class='ocrx_word' id='word_1_208' title='bbox 865 2244 1008 2295; x_wconf 84' lang='lat' dir='ltr'>[Harl.</span> <span class='ocrx_word' id='word_1_209' title='bbox 1041 2245 1195 2284; x_wconf 87' lang='lat' dir='ltr'>Heinr.</span> <span class='ocrx_word' id='word_1_210' title='bbox 1218 2244 1397 2296; x_wconf 86' lang='lat' dir='ltr'>Bipont.</span> <span class='ocrx_word' id='word_1_211' title='bbox 1417 2243 1649 2283; x_wconf 81' lang='lat' dir='ltr'>Tzschuck.</span> <span class='ocrx_word' id='word_1_212' title='bbox 1669 2245 1709 2282; x_wconf 87' lang='grc'><strong>2.</strong></span> <span class='ocrx_word' id='word_1_213' title='bbox 1740 2240 1881 2282; x_wconf 86' lang='lat' dir='ltr'>Paufl.</span> <span class='ocrx_word' id='word_1_214' title='bbox 1909 2252 1954 2281; x_wconf 83' lang='lat' dir='ltr'>v.·</span> <span class='ocrx_word' id='word_1_215' title='bbox 1971 2238 2175 2281; x_wconf 84' lang='lat' dir='ltr'>Oudeud.</span> 
     </span>
     <span class='ocr_line' id='line_1_26' title="bbox 329 2291 2175 2350; baseline -0.002 -13"><span class='ocrx_word' id='word_1_216' title='bbox 329 2296 384 2338; x_wconf 84' lang='lat' dir='ltr'>ad</span> <span class='ocrx_word' id='word_1_217' title='bbox 406 2297 566 2337; x_wconf 82' lang='lat' dir='ltr'>Caesar.</span> <span class='ocrx_word' id='word_1_218' title='bbox 587 2298 640 2337; x_wconf 90' lang='lat' dir='ltr'>B.</span> <span class='ocrx_word' id='word_1_219' title='bbox 655 2297 711 2338; x_wconf 81' lang='lat' dir='ltr'>G.</span> <span class='ocrx_word' id='word_1_220' title='bbox 735 2309 786 2337; x_wconf 89' lang='lat'>11.</span> <span class='ocrx_word' id='word_1_221' title='bbox 811 2301 848 2337; x_wconf 93' lang='grc'><strong>1.</strong></span> <span class='ocrx_word' id='word_1_222' title='bbox 869 2311 914 2350; x_wconf 86' lang='lat' dir='ltr'>p.</span> <span class='ocrx_word' id='word_1_223' title='bbox 935 2302 1003 2338; x_wconf 87' lang='grc'>87.</span> <span class='ocrx_word' id='word_1_224' title='bbox 1020 2298 1086 2350; x_wconf 82' lang='grc'><strong>1).]</strong></span> <span class='ocrx_word' id='word_1_225' title='bbox 1106 2299 1149 2338; x_wconf 79' lang='lat' dir='ltr'>in</span> <span class='ocrx_word' id='word_1_226' title='bbox 1169 2298 1291 2338; x_wconf 83' lang='lat' dir='ltr'>uncis</span> <span class='ocrx_word' id='word_1_227' title='bbox 1310 2298 1481 2338; x_wconf 83' lang='lat' dir='ltr'>inclusit</span> <span class='ocrx_word' id='word_1_228' title='bbox 1505 2297 1687 2337; x_wconf 82' lang='lat' dir='ltr'>Heus.-</span> <span class='ocrx_word' id='word_1_229' title='bbox 1702 2299 1729 2335; x_wconf 88' lang='grc'>4</span> <span class='ocrx_word' id='word_1_230' title='bbox 1756 2296 1858 2335; x_wconf 76' lang='lat' dir='ltr'>Dux</span> <span class='ocrx_word' id='word_1_231' title='bbox 1875 2294 1999 2336; x_wconf 80' lang='lat' dir='ltr'>abest</span> <span class='ocrx_word' id='word_1_232' title='bbox 2018 2292 2075 2334; x_wconf 74' lang='lat' dir='ltr'>ab</span> <span class='ocrx_word' id='word_1_233' title='bbox 2092 2291 2175 2334; x_wconf 75' lang='lat' dir='ltr'>Ed.</span> 
     </span>
     <span class='ocr_line' id='line_1_27' title="bbox 329 2347 2175 2404; baseline -0.002 -14"><span class='ocrx_word' id='word_1_234' title='bbox 329 2349 451 2391; x_wconf 85' lang='lat' dir='ltr'>Jens.</span> <span class='ocrx_word' id='word_1_235' title='bbox 482 2351 604 2390; x_wconf 89' lang='lat' dir='ltr'>Med.</span> <span class='ocrx_word' id='word_1_236' title='bbox 624 2349 726 2391; x_wconf 90' lang='lat' dir='ltr'>Ald.</span> <span class='ocrx_word' id='word_1_237' title='bbox 758 2352 866 2390; x_wconf 87' lang='lat' dir='ltr'>Mox</span> <span class='ocrx_word' id='word_1_238' title='bbox 885 2353 1060 2403; x_wconf 84' lang='lat' dir='ltr'>primam</span> <span class='ocrx_word' id='word_1_239' title='bbox 1081 2352 1162 2392; x_wconf 91' lang='lat' dir='ltr'>Ed.</span> <span class='ocrx_word' id='word_1_240' title='bbox 1196 2353 1401 2404; x_wconf 80' lang='lat' dir='ltr'>Mag.-—6</span> <span class='ocrx_word' id='word_1_241' title='bbox 1432 2352 1574 2392; x_wconf 76' lang='lat' dir='ltr'>Essent</span> <span class='ocrx_word' id='word_1_242' title='bbox 1604 2350 1688 2390; x_wconf 88' lang='lat' dir='ltr'>Ms.</span> <span class='ocrx_word' id='word_1_243' title='bbox 1709 2348 1831 2389; x_wconf 89' lang='lat' dir='ltr'>Leid.</span> <span class='ocrx_word' id='word_1_244' title='bbox 1847 2352 1889 2389; x_wconf 84' lang='grc'><strong>2.</strong></span> <span class='ocrx_word' id='word_1_245' title='bbox 1920 2348 2073 2388; x_wconf 66' lang='lat' dir='ltr'>Essem:</span> <span class='ocrx_word' id='word_1_246' title='bbox 2088 2347 2175 2387; x_wconf 75' lang='lat' dir='ltr'>Mn.</span> 
     </span>
     <span class='ocr_line' id='line_1_28' title="bbox 332 2404 2192 2457; baseline -0.002 -14"><span class='ocrx_word' id='word_1_247' title='bbox 332 2404 459 2444; x_wconf 88' lang='lat' dir='ltr'>Voss.</span> <span class='ocrx_word' id='word_1_248' title='bbox 483 2409 522 2444; x_wconf 93' lang='grc'><strong>1.</strong></span> <span class='ocrx_word' id='word_1_249' title='bbox 553 2405 669 2445; x_wconf 87' lang='lat' dir='ltr'>Dan.</span> <span class='ocrx_word' id='word_1_250' title='bbox 701 2406 866 2445; x_wconf 74' lang='lat' dir='ltr'>Mesena</span> <span class='ocrx_word' id='word_1_251' title='bbox 885 2407 973 2446; x_wconf 64' lang='grc' dir='ltr'><strong>ΜΒ.</strong></span> <span class='ocrx_word' id='word_1_252' title='bbox 992 2407 1117 2446; x_wconf 88' lang='lat' dir='ltr'>Voss.</span> <span class='ocrx_word' id='word_1_253' title='bbox 1137 2407 1177 2446; x_wconf 89' lang='grc'><strong>2.</strong></span> <span class='ocrx_word' id='word_1_254' title='bbox 1209 2404 1294 2446; x_wconf 87' lang='lat' dir='ltr'>Ax.</span> <span class='ocrx_word' id='word_1_255' title='bbox 1325 2406 1366 2446; x_wconf 92' lang='lat' dir='ltr'>in</span> <span class='ocrx_word' id='word_1_256' title='bbox 1396 2417 1480 2457; x_wconf 89' lang='lat' dir='ltr'>quo</span> <span class='ocrx_word' id='word_1_257' title='bbox 1513 2405 1645 2444; x_wconf 82' lang='lat' dir='ltr'>etiam</span> <span class='ocrx_word' id='word_1_258' title='bbox 1675 2407 1743 2443; x_wconf 87' lang='lat' dir='ltr'>est</span> <span class='ocrx_word' id='word_1_259' title='bbox 1761 2414 1834 2454; x_wconf 71' lang='lat' dir='ltr'>quo</span> <span class='ocrx_word' id='word_1_260' title='bbox 1862 2414 1942 2454; x_wconf 89' lang='lat' dir='ltr'>pro</span> <span class='ocrx_word' id='word_1_261' title='bbox 1960 2411 2120 2453; x_wconf 69' lang='lat' dir='ltr'>quoqne.</span> <span class='ocrx_word' id='word_1_262' title='bbox 2190 2452 2192 2454; x_wconf 66' lang='lat'>‚</span> 
     </span>
     <span class='ocr_line' id='line_1_29' title="bbox 351 2455 2194 2515; baseline -0.001 -19"><span class='ocrx_word' id='word_1_263' title='bbox 351 2494 353 2496; x_wconf 87' lang='lat'>.</span> <span class='ocrx_word' id='word_1_264' title='bbox 385 2461 408 2497; x_wconf 89' lang='lat'>1</span> <span class='ocrx_word' id='word_1_265' title='bbox 434 2458 649 2498; x_wconf 74' lang='lat' dir='ltr'>Thesaliam</span> <span class='ocrx_word' id='word_1_266' title='bbox 679 2459 766 2501; x_wconf 81' lang='lat' dir='ltr'>MS.</span> <span class='ocrx_word' id='word_1_267' title='bbox 804 2461 930 2500; x_wconf 90' lang='lat' dir='ltr'>Voss.</span> <span class='ocrx_word' id='word_1_268' title='bbox 957 2463 1082 2500; x_wconf 83' lang='lat'>2.—2</span> <span class='ocrx_word' id='word_1_269' title='bbox 1117 2460 1190 2500; x_wconf 91' lang='lat' dir='ltr'>Sic</span> <span class='ocrx_word' id='word_1_270' title='bbox 1225 2461 1312 2500; x_wconf 89' lang='lat' dir='ltr'>Ms.</span> <span class='ocrx_word' id='word_1_271' title='bbox 1344 2460 1456 2499; x_wconf 89' lang='lat' dir='ltr'>Dan.</span> <span class='ocrx_word' id='word_1_272' title='bbox 1492 2457 1579 2499; x_wconf 86' lang='lat' dir='ltr'>Sed</span> <span class='ocrx_word' id='word_1_273' title='bbox 1608 2460 1738 2497; x_wconf 77' lang='lat' dir='ltr'>tutum</span> <span class='ocrx_word' id='word_1_274' title='bbox 1768 2456 1848 2496; x_wconf 86' lang='lat' dir='ltr'>Ed.</span> <span class='ocrx_word' id='word_1_275' title='bbox 1883 2455 2032 2507; x_wconf 70' lang='lat' dir='ltr'>Long.</span> <span class='ocrx_word' id='word_1_276' title='bbox 2055 2455 2194 2515; x_wconf 55' lang='lat' dir='ltr'>Mag.-</span> 
     </span>
     <span class='ocr_line' id='line_1_30' title="bbox 330 2511 2182 2566; baseline -0.003 -12"><span class='ocrx_word' id='word_1_277' title='bbox 330 2511 565 2565; x_wconf 80' lang='lat' dir='ltr'>Steph.——3</span> <span class='ocrx_word' id='word_1_278' title='bbox 602 2513 654 2552; x_wconf 90' lang='lat' dir='ltr'>In</span> <span class='ocrx_word' id='word_1_279' title='bbox 674 2513 759 2552; x_wconf 83' lang='lat' dir='ltr'>Ms.</span> <span class='ocrx_word' id='word_1_280' title='bbox 787 2513 940 2554; x_wconf 84' lang='lat' dir='ltr'>Boeel.</span> <span class='ocrx_word' id='word_1_281' title='bbox 978 2515 1047 2566; x_wconf 91' lang='lat' dir='ltr'>[et</span> <span class='ocrx_word' id='word_1_282' title='bbox 1079 2514 1206 2555; x_wconf 88' lang='lat' dir='ltr'>Voss.</span> <span class='ocrx_word' id='word_1_283' title='bbox 1223 2513 1288 2565; x_wconf 85' lang='lat'>2.]</span> <span class='ocrx_word' id='word_1_284' title='bbox 1319 2518 1527 2565; x_wconf 85' lang='lat' dir='ltr'>corrupte</span> <span class='ocrx_word' id='word_1_285' title='bbox 1547 2518 1667 2553; x_wconf 82' lang='lat' dir='ltr'>erat:</span> <span class='ocrx_word' id='word_1_286' title='bbox 1697 2511 1796 2563; x_wconf 77' lang='lat' dir='ltr'>quod</span> <span class='ocrx_word' id='word_1_287' title='bbox 1822 2511 1927 2562; x_wconf 74' lang='lat' dir='ltr'>apud</span> <span class='ocrx_word' id='word_1_288' title='bbox 1949 2521 2014 2550; x_wconf 73' lang='lat' dir='ltr'>eo·</span> <span class='ocrx_word' id='word_1_289' title='bbox 2038 2511 2182 2559; x_wconf 71' lang='lat' dir='ltr'>gentes</span> 
     </span>
    </p>
   </div>
   <div class='ocr_carea' id='block_1_5' title="bbox 1810 2615 1835 2638">
    <p class='ocr_par' dir='ltr' id='par_1_7' title="bbox 1810 2615 1835 2638">
     <span class='ocr_line' id='line_1_31' title="bbox 1810 2615 1835 2638; baseline 0 -7"><span class='ocrx_word' id='word_1_290' title='bbox 1810 2615 1835 2638; x_wconf 53' lang='grc' dir='ltr'>ς</span> 
     </span>
    </p>
   </div>
   <div class='ocr_carea' id='block_1_6' title="bbox 1165 2633 1345 2675">
    <p class='ocr_par' dir='ltr' id='par_1_8' title="bbox 1165 2633 1345 2675">
     <span class='ocr_line' id='line_1_32' title="bbox 1165 2633 1345 2675; baseline 0.006 -1"><span class='ocrx_word' id='word_1_291' title='bbox 1165 2633 1345 2675; x_wconf 85' lang='lat' dir='ltr'>No&#39;rAE</span> 
     </span>
    </p>
   </div>
   <div class='ocr_carea' id='block_1_7' title="bbox 329 2726 1226 3540">
    <p class='ocr_par' dir='ltr' id='par_1_9' title="bbox 330 2726 1223 2844">
     <span class='ocr_line' id='line_1_33' title="bbox 330 2726 1223 2779; baseline -0.001 -11"><span class='ocrx_word' id='word_1_292' title='bbox 330 2727 544 2779; x_wconf 83' lang='lat' dir='ltr'>daemonii,</span> <span class='ocrx_word' id='word_1_293' title='bbox 575 2726 686 2767; x_wconf 91' lang='lat' dir='ltr'>duce</span> <span class='ocrx_word' id='word_1_294' title='bbox 718 2727 944 2778; x_wconf 85' lang='lat' dir='ltr'>Phoebida,</span> <span class='ocrx_word' id='word_1_295' title='bbox 969 2738 1140 2778; x_wconf 84' lang='lat' dir='ltr'>semper</span> <span class='ocrx_word' id='word_1_296' title='bbox 1158 2739 1223 2767; x_wconf 88' lang='lat' dir='ltr'>re-</span> 
     </span>
     <span class='ocr_line' id='line_1_34' title="bbox 330 2791 951 2844; baseline 0 -13"><span class='ocrx_word' id='word_1_297' title='bbox 330 2791 554 2832; x_wconf 85' lang='lat' dir='ltr'>tinuerant</span> <span class='ocrx_word' id='word_1_298' title='bbox 569 2792 712 2831; x_wconf 82' lang='lat' dir='ltr'>valido</span> <span class='ocrx_word' id='word_1_299' title='bbox 732 2792 951 2844; x_wconf 78' lang='lat' dir='ltr'>praesidio.</span> 
     </span>
    </p>

    <p class='ocr_par' dir='ltr' id='par_1_10' title="bbox 329 2853 1226 3288">
     <span class='ocr_line' id='line_1_35' title="bbox 384 2853 1223 2907; baseline -0.002 -12"><span class='ocrx_word' id='word_1_300' title='bbox 384 2862 405 2882; x_wconf 76' lang='lat'><em>⁷</em></span> <span class='ocrx_word' id='word_1_301' title='bbox 432 2856 517 2896; x_wconf 80' lang='lat' dir='ltr'>Hic</span> <span class='ocrx_word' id='word_1_302' title='bbox 526 2856 617 2904; x_wconf 81' lang='lat' dir='ltr'>fuit</span> <span class='ocrx_word' id='word_1_303' title='bbox 635 2858 718 2896; x_wconf 78' lang='lat' dir='ltr'>dux</span> <span class='ocrx_word' id='word_1_304' title='bbox 737 2857 896 2896; x_wconf 64' lang='lat' dir='ltr'>delectae</span> <span class='ocrx_word' id='word_1_305' title='bbox 913 2855 1072 2907; x_wconf 80' lang='lat' dir='ltr'>manus]</span> <span class='ocrx_word' id='word_1_306' title='bbox 1098 2853 1223 2895; x_wconf 88' lang='lat' dir='ltr'>Scili-</span> 
     </span>
     <span class='ocr_line' id='line_1_36' title="bbox 331 2918 1221 2971; baseline -0.003 -11"><span class='ocrx_word' id='word_1_307' title='bbox 331 2924 420 2971; x_wconf 87' lang='lat' dir='ltr'>cet,</span> <span class='ocrx_word' id='word_1_308' title='bbox 433 2920 617 2961; x_wconf 83' lang='lat' dir='ltr'>cohortis</span> <span class='ocrx_word' id='word_1_309' title='bbox 635 2924 926 2960; x_wconf 80' lang='lat' dir='ltr'>trecentorum</span> <span class='ocrx_word' id='word_1_310' title='bbox 945 2919 1128 2959; x_wconf 87' lang='lat' dir='ltr'>militum</span> <span class='ocrx_word' id='word_1_311' title='bbox 1142 2918 1221 2958; x_wconf 86' lang='lat' dir='ltr'>sibi</span> 
     </span>
     <span class='ocr_line' id='line_1_37' title="bbox 329 2982 1225 3034; baseline -0.003 -10"><span class='ocrx_word' id='word_1_312' title='bbox 329 2988 480 3024; x_wconf 86' lang='lat' dir='ltr'>mutuo</span> <span class='ocrx_word' id='word_1_313' title='bbox 500 2995 644 3023; x_wconf 84' lang='lat' dir='ltr'>amore</span> <span class='ocrx_word' id='word_1_314' title='bbox 660 2982 863 3023; x_wconf 76' lang='lat' dir='ltr'>amicitiae</span> <span class='ocrx_word' id='word_1_315' title='bbox 879 2982 1225 3034; x_wconf 79' lang='lat' dir='ltr'>conjunctorum,</span> 
     </span>
     <span class='ocr_line' id='line_1_38' title="bbox 331 3045 1222 3101; baseline -0.002 -14"><span class='ocrx_word' id='word_1_316' title='bbox 331 3046 404 3101; x_wconf 85' lang='lat' dir='ltr'>qui</span> <span class='ocrx_word' id='word_1_317' title='bbox 433 3058 519 3087; x_wconf 78' lang='lat' dir='ltr'>uua</span> <span class='ocrx_word' id='word_1_318' title='bbox 546 3046 736 3096; x_wconf 85' lang='lat' dir='ltr'>vincere,</span> <span class='ocrx_word' id='word_1_319' title='bbox 754 3051 829 3086; x_wconf 74' lang='lat' dir='ltr'>aut</span> <span class='ocrx_word' id='word_1_320' title='bbox 848 3058 933 3086; x_wconf 81' lang='lat' dir='ltr'>una</span> <span class='ocrx_word' id='word_1_321' title='bbox 953 3045 1094 3098; x_wconf 89' lang='lat' dir='ltr'>perire</span> <span class='ocrx_word' id='word_1_322' title='bbox 1115 3057 1222 3085; x_wconf 87' lang='lat' dir='ltr'>sem·</span> 
     </span>
     <span class='ocr_line' id='line_1_39' title="bbox 331 3110 1225 3163; baseline -0.001 -12"><span class='ocrx_word' id='word_1_323' title='bbox 331 3122 411 3163; x_wconf 88' lang='lat' dir='ltr'>per</span> <span class='ocrx_word' id='word_1_324' title='bbox 444 3111 583 3163; x_wconf 80' lang='lat' dir='ltr'>parati</span> <span class='ocrx_word' id='word_1_325' title='bbox 615 3116 765 3151; x_wconf 86' lang='lat' dir='ltr'>erant:</span> <span class='ocrx_word' id='word_1_326' title='bbox 806 3111 901 3151; x_wconf 82' lang='lat' dir='ltr'>haec</span> <span class='ocrx_word' id='word_1_327' title='bbox 934 3110 1065 3150; x_wconf 77' lang='lat' dir='ltr'>etiam</span> <span class='ocrx_word' id='word_1_328' title='bbox 1098 3121 1225 3150; x_wconf 81' lang='lat' dir='ltr'>sacra</span> 
     </span>
     <span class='ocr_line' id='line_1_40' title="bbox 331 3168 1226 3226; baseline -0.001 -13"><span class='ocrx_word' id='word_1_329' title='bbox 331 3173 486 3214; x_wconf 85' lang='lat' dir='ltr'>cohors</span> <span class='ocrx_word' id='word_1_330' title='bbox 516 3173 758 3223; x_wconf 82' lang='lat' dir='ltr'>dicebatur,</span> <span class='ocrx_word' id='word_1_331' title='bbox 789 3174 909 3226; x_wconf 83' lang='lat' dir='ltr'>cujus</span> <span class='ocrx_word' id='word_1_332' title='bbox 936 3168 1090 3214; x_wconf 82' lang='lat' dir='ltr'>auctor</span> <span class='ocrx_word' id='word_1_333' title='bbox 1118 3173 1226 3214; x_wconf 87' lang='lat' dir='ltr'>Gor·</span> 
     </span>
     <span class='ocr_line' id='line_1_41' title="bbox 333 3232 1132 3288; baseline 0 -12"><span class='ocrx_word' id='word_1_334' title='bbox 333 3235 426 3288; x_wconf 82' lang='lat' dir='ltr'>gias</span> <span class='ocrx_word' id='word_1_335' title='bbox 446 3235 543 3275; x_wconf 86' lang='lat' dir='ltr'>fuit.</span> <span class='ocrx_word' id='word_1_336' title='bbox 601 3236 831 3287; x_wconf 79' lang='lat' dir='ltr'>Polyaeuus</span> <span class='ocrx_word' id='word_1_337' title='bbox 851 3236 926 3276; x_wconf 89' lang='lat' dir='ltr'>lib.</span> <span class='ocrx_word' id='word_1_338' title='bbox 946 3248 999 3276; x_wconf 87' lang='lat' dir='ltr'>u.</span> <span class='ocrx_word' id='word_1_339' title='bbox 1121 3232 1132 3239; x_wconf 64' lang='lat'><strong><em>‘</em></strong></span> 
     </span>
    </p>

    <p class='ocr_par' dir='ltr' id='par_1_11' title="bbox 330 3299 1225 3540">
     <span class='ocr_line' id='line_1_42' title="bbox 385 3299 1224 3352; baseline 0.002 -13"><span class='ocrx_word' id='word_1_340' title='bbox 385 3305 413 3325; x_wconf 83' lang='lat' dir='ltr'>w</span> <span class='ocrx_word' id='word_1_341' title='bbox 431 3299 607 3349; x_wconf 67' lang='lat' dir='ltr'>Legatus</span> <span class='ocrx_word' id='word_1_342' title='bbox 620 3300 662 3339; x_wconf 80' lang='lat' dir='ltr'>in</span> <span class='ocrx_word' id='word_1_343' title='bbox 683 3301 826 3340; x_wconf 81' lang='lat' dir='ltr'>Persas</span> <span class='ocrx_word' id='word_1_344' title='bbox 839 3304 897 3340; x_wconf 76' lang='lat' dir='ltr'>est</span> <span class='ocrx_word' id='word_1_345' title='bbox 912 3299 1130 3352; x_wconf 77' lang='lat' dir='ltr'>profectus]</span> <span class='ocrx_word' id='word_1_346' title='bbox 1152 3300 1224 3340; x_wconf 83' lang='lat' dir='ltr'>Ne</span> 
     </span>
     <span class='ocr_line' id='line_1_43' title="bbox 330 3361 1223 3416; baseline 0 -13"><span class='ocrx_word' id='word_1_347' title='bbox 330 3361 498 3403; x_wconf 78' lang='lat' dir='ltr'>scilicet</span> <span class='ocrx_word' id='word_1_348' title='bbox 517 3363 648 3412; x_wconf 84' lang='lat' dir='ltr'>legati</span> <span class='ocrx_word' id='word_1_349' title='bbox 682 3375 707 3401; x_wconf 81' lang='lat' dir='ltr'>a</span> <span class='ocrx_word' id='word_1_350' title='bbox 738 3364 1080 3404; x_wconf 70' lang='lat' dir='ltr'>Lacedaemoniis</span> <span class='ocrx_word' id='word_1_351' title='bbox 1103 3363 1223 3416; x_wconf 86' lang='lat' dir='ltr'>prius</span> 
     </span>
     <span class='ocr_line' id='line_1_44' title="bbox 333 3423 1222 3468; baseline 0.002 -3"><span class='ocrx_word' id='word_1_352' title='bbox 333 3423 450 3465; x_wconf 75' lang='lat' dir='ltr'>missi</span> <span class='ocrx_word' id='word_1_353' title='bbox 469 3424 525 3463; x_wconf 91' lang='lat' dir='ltr'>de</span> <span class='ocrx_word' id='word_1_354' title='bbox 544 3425 755 3466; x_wconf 79' lang='lat' dir='ltr'>societate</span> <span class='ocrx_word' id='word_1_355' title='bbox 780 3438 877 3467; x_wconf 88' lang='lat' dir='ltr'>cum</span> <span class='ocrx_word' id='word_1_356' title='bbox 909 3425 1222 3468; x_wconf 80' lang='lat' dir='ltr'>Persis-ineun-</span> 
     </span>
     <span class='ocr_line' id='line_1_45' title="bbox 333 3486 1225 3540; baseline 0.004 -13"><span class='ocrx_word' id='word_1_357' title='bbox 333 3486 407 3539; x_wconf 80' lang='lat' dir='ltr'>da,</span> <span class='ocrx_word' id='word_1_358' title='bbox 426 3486 688 3540; x_wconf 83' lang='lat' dir='ltr'>impedirent</span> <span class='ocrx_word' id='word_1_359' title='bbox 701 3500 757 3529; x_wconf 87' lang='lat' dir='ltr'>ne</span> <span class='ocrx_word' id='word_1_360' title='bbox 771 3490 977 3531; x_wconf 76' lang='lat' dir='ltr'>Messena</span> <span class='ocrx_word' id='word_1_361' title='bbox 995 3489 1140 3532; x_wconf 80' lang='lat' dir='ltr'>diruta</span> <span class='ocrx_word' id='word_1_362' title='bbox 1159 3493 1225 3531; x_wconf 74' lang='lat' dir='ltr'>at-</span> 
     </span>
    </p>
   </div>
   <div class='ocr_carea' id='block_1_8' title="bbox 1289 2719 2190 3414">
    <p class='ocr_par' dir='ltr' id='par_1_12' title="bbox 1290 2719 2178 2842">
     <span class='ocr_line' id='line_1_46' title="bbox 1291 2719 2178 2781; baseline -0.008 -13"><span class='ocrx_word' id='word_1_363' title='bbox 1291 2739 1376 2781; x_wconf 88' lang='lat' dir='ltr'>que</span> <span class='ocrx_word' id='word_1_364' title='bbox 1396 2737 1544 2767; x_wconf 87' lang='lat' dir='ltr'>eversa</span> <span class='ocrx_word' id='word_1_365' title='bbox 1563 2725 1894 2773; x_wconf 79' lang='lat' dir='ltr'>instauraretur,</span> <span class='ocrx_word' id='word_1_366' title='bbox 1912 2723 2041 2774; x_wconf 82' lang='lat' dir='ltr'>atque</span> <span class='ocrx_word' id='word_1_367' title='bbox 2058 2719 2178 2761; x_wconf 87' lang='lat' dir='ltr'>iuco-</span> 
     </span>
     <span class='ocr_line' id='line_1_47' title="bbox 1290 2788 1723 2842; baseline -0.002 -13"><span class='ocrx_word' id='word_1_368' title='bbox 1290 2788 1344 2829; x_wconf 87' lang='lat' dir='ltr'>lis</span> <span class='ocrx_word' id='word_1_369' title='bbox 1359 2788 1723 2842; x_wconf 83' lang='lat' dir='ltr'>frequentaretur.</span> 
     </span>
    </p>

    <p class='ocr_par' dir='ltr' id='par_1_13' title="bbox 1289 2845 2180 2957">
     <span class='ocr_line' id='line_1_48' title="bbox 1345 2845 2180 2902; baseline -0.01 -8"><span class='ocrx_word' id='word_1_370' title='bbox 1345 2858 1367 2880; x_wconf 81' lang='lat'>¹</span> <span class='ocrx_word' id='word_1_371' title='bbox 1407 2853 1510 2893; x_wconf 80' lang='lat' dir='ltr'>Hoec</span> <span class='ocrx_word' id='word_1_372' title='bbox 1533 2852 1622 2902; x_wconf 76' lang='lat' dir='ltr'>suit</span> <span class='ocrx_word' id='word_1_373' title='bbox 1655 2851 1783 2890; x_wconf 79' lang='lat' dir='ltr'>altera</span> <span class='ocrx_word' id='word_1_374' title='bbox 1814 2858 1981 2901; x_wconf 78' lang='lat' dir='ltr'>persona</span> <span class='ocrx_word' id='word_1_375' title='bbox 2015 2845 2180 2900; x_wconf 66' lang='grc' dir='ltr'>Ἠιεὺίε]</span> 
     </span>
     <span class='ocr_line' id='line_1_49' title="bbox 1289 2907 2166 2957; baseline -0.008 0"><span class='ocrx_word' id='word_1_376' title='bbox 1289 2916 1400 2957; x_wconf 83' lang='lat' dir='ltr'>Haec</span> <span class='ocrx_word' id='word_1_377' title='bbox 1421 2915 1646 2956; x_wconf 83' lang='lat' dir='ltr'>translatio</span> <span class='ocrx_word' id='word_1_378' title='bbox 1666 2927 1691 2954; x_wconf 84' lang='lat' dir='ltr'>a</span> <span class='ocrx_word' id='word_1_379' title='bbox 1710 2924 1841 2953; x_wconf 80' lang='lat' dir='ltr'>scena</span> <span class='ocrx_word' id='word_1_380' title='bbox 1859 2915 1996 2951; x_wconf 81' lang='lat' dir='ltr'>sumta</span> <span class='ocrx_word' id='word_1_381' title='bbox 2011 2914 2096 2951; x_wconf 80' lang='lat' dir='ltr'>est.</span> <span class='ocrx_word' id='word_1_382' title='bbox 2163 2907 2166 2910; x_wconf 75' lang='grc'>’</span> 
     </span>
    </p>

    <p class='ocr_par' dir='ltr' id='par_1_14' title="bbox 1289 2974 2190 3414">
     <span class='ocr_line' id='line_1_50' title="bbox 1343 2974 2183 3030; baseline -0.008 -10"><span class='ocrx_word' id='word_1_383' title='bbox 1343 2986 1362 3015; x_wconf 64' lang='lat'>5</span> <span class='ocrx_word' id='word_1_384' title='bbox 1390 2980 1693 3030; x_wconf 73' lang='lat' dir='ltr'>Legationisque</span> <span class='ocrx_word' id='word_1_385' title='bbox 1713 2977 1808 3029; x_wconf 75' lang='lat' dir='ltr'>jure</span> <span class='ocrx_word' id='word_1_386' title='bbox 1838 2974 1937 3015; x_wconf 72' lang='lat' dir='ltr'>satis</span> <span class='ocrx_word' id='word_1_387' title='bbox 1964 2977 2113 3014; x_wconf 64' lang='lat' dir='ltr'>tectum</span> <span class='ocrx_word' id='word_1_388' title='bbox 2137 2975 2183 3014; x_wconf 70' lang='lat' dir='ltr'>ce</span> 
     </span>
     <span class='ocr_line' id='line_1_51' title="bbox 1289 3039 2179 3095; baseline -0.004 -11"><span class='ocrx_word' id='word_1_389' title='bbox 1289 3043 1572 3095; x_wconf 74' lang='lat' dir='ltr'>arbitraretur]</span> <span class='ocrx_word' id='word_1_390' title='bbox 1614 3042 1733 3084; x_wconf 81' lang='lat' dir='ltr'>Nihil</span> <span class='ocrx_word' id='word_1_391' title='bbox 1765 3040 1818 3080; x_wconf 89' lang='lat' dir='ltr'>de</span> <span class='ocrx_word' id='word_1_392' title='bbox 1845 3040 1925 3081; x_wconf 75' lang='lat' dir='ltr'>hae</span> <span class='ocrx_word' id='word_1_393' title='bbox 1956 3039 2179 3092; x_wconf 71' lang='lat' dir='ltr'>legatione</span> 
     </span>
     <span class='ocr_line' id='line_1_52' title="bbox 1291 3102 2180 3149; baseline -0.008 0"><span class='ocrx_word' id='word_1_394' title='bbox 1291 3108 1567 3149; x_wconf 80' lang='lat' dir='ltr'>Plutarchus.</span> <span class='ocrx_word' id='word_1_395' title='bbox 1622 3105 1841 3147; x_wconf 89' lang='lat' dir='ltr'>Diodorus</span> <span class='ocrx_word' id='word_1_396' title='bbox 1873 3115 1978 3144; x_wconf 88' lang='lat' dir='ltr'>vero</span> <span class='ocrx_word' id='word_1_397' title='bbox 2003 3102 2079 3143; x_wconf 83' lang='lat' dir='ltr'>lib.</span> <span class='ocrx_word' id='word_1_398' title='bbox 2098 3111 2180 3143; x_wconf 56' lang='lat' dir='ltr'>xv.</span> 
     </span>
     <span class='ocr_line' id='line_1_53' title="bbox 1291 3162 2179 3223; baseline -0.011 -9"><span class='ocrx_word' id='word_1_399' title='bbox 1291 3173 1438 3214; x_wconf 80' lang='lat' dir='ltr'>scribit</span> <span class='ocrx_word' id='word_1_400' title='bbox 1472 3170 1728 3223; x_wconf 81' lang='lat' dir='ltr'>Pelopidam</span> <span class='ocrx_word' id='word_1_401' title='bbox 1760 3175 1805 3208; x_wconf 83' lang='lat' dir='ltr'>et</span> <span class='ocrx_word' id='word_1_402' title='bbox 1833 3165 2061 3206; x_wconf 76' lang='lat' dir='ltr'>Ismeniam</span> <span class='ocrx_word' id='word_1_403' title='bbox 2079 3162 2179 3206; x_wconf 74' lang='lat' dir='ltr'>cum</span> 
     </span>
     <span class='ocr_line' id='line_1_54' title="bbox 1292 3228 2183 3282; baseline -0.009 -6"><span class='ocrx_word' id='word_1_404' title='bbox 1292 3235 1542 3277; x_wconf 86' lang='lat' dir='ltr'>Alexandro</span> <span class='ocrx_word' id='word_1_405' title='bbox 1563 3234 1801 3275; x_wconf 83' lang='lat' dir='ltr'>Pherarum</span> <span class='ocrx_word' id='word_1_406' title='bbox 1830 3236 2014 3282; x_wconf 84' lang='lat' dir='ltr'>tyranno</span> <span class='ocrx_word' id='word_1_407' title='bbox 2024 3228 2183 3270; x_wconf 69' lang='lat' dir='ltr'>”occur-</span> 
     </span>
     <span class='ocr_line' id='line_1_55' title="bbox 1292 3289 2180 3348; baseline -0.008 -9"><span class='ocrx_word' id='word_1_408' title='bbox 1292 3299 1468 3348; x_wconf 86' lang='lat' dir='ltr'>rissent,</span> <span class='ocrx_word' id='word_1_409' title='bbox 1482 3304 1646 3338; x_wconf 86' lang='lat' dir='ltr'>temere</span> <span class='ocrx_word' id='word_1_410' title='bbox 1665 3301 1710 3336; x_wconf 85' lang='lat' dir='ltr'>et</span> <span class='ocrx_word' id='word_1_411' title='bbox 1727 3295 1816 3334; x_wconf 88' lang='lat' dir='ltr'>sine</span> <span class='ocrx_word' id='word_1_412' title='bbox 1831 3293 1920 3333; x_wconf 75' lang='lat' dir='ltr'>ulla</span> <span class='ocrx_word' id='word_1_413' title='bbox 1936 3291 2104 3333; x_wconf 77' lang='lat' dir='ltr'>ratione</span> <span class='ocrx_word' id='word_1_414' title='bbox 2121 3289 2180 3333; x_wconf 71' lang='lat' dir='ltr'>ab</span> 
     </span>
     <span class='ocr_line' id='line_1_56' title="bbox 1292 3356 2190 3414; baseline -0.008 -11"><span class='ocrx_word' id='word_1_415' title='bbox 1292 3374 1344 3403; x_wconf 88' lang='lat' dir='ltr'>eo</span> <span class='ocrx_word' id='word_1_416' title='bbox 1362 3362 1691 3414; x_wconf 83' lang='lat' dir='ltr'>comprehensos</span> <span class='ocrx_word' id='word_1_417' title='bbox 1709 3371 1817 3409; x_wconf 84' lang='lat' dir='ltr'>esse,</span> <span class='ocrx_word' id='word_1_418' title='bbox 1832 3356 1938 3398; x_wconf 87' lang='lat' dir='ltr'>etin</span> <span class='ocrx_word' id='word_1_419' title='bbox 1956 3366 2190 3398; x_wconf 74' lang='lat' dir='ltr'>carcerem-</span> 
     </span>
    </p>
   </div>
   <div class='ocr_carea' id='block_1_9' title="bbox 1292 3424 2181 3540">
    <p class='ocr_par' dir='ltr' id='par_1_15' title="bbox 1292 3424 2181 3540">
     <span class='ocr_line' id='line_1_57' title="bbox 1292 3424 1526 3477; baseline -0.009 -12"><span class='ocrx_word' id='word_1_420' title='bbox 1292 3424 1526 3477; x_wconf 80' lang='lat' dir='ltr'>conjectos.</span> 
     </span>
     <span class='ocr_line' id='line_1_58' title="bbox 1345 3483 2181 3540; baseline -0.006 -13"><span class='ocrx_word' id='word_1_421' title='bbox 1345 3493 1363 3514; x_wconf 83' lang='lat'>¹</span> <span class='ocrx_word' id='word_1_422' title='bbox 1391 3487 1508 3533; x_wconf 71' lang='lat' dir='ltr'>Quod</span> <span class='ocrx_word' id='word_1_423' title='bbox 1543 3486 1648 3540; x_wconf 79' lang='lat' dir='ltr'>apud</span> <span class='ocrx_word' id='word_1_424' title='bbox 1681 3495 1812 3525; x_wconf 72' lang='lat' dir='ltr'>omnes</span> <span class='ocrx_word' id='word_1_425' title='bbox 1837 3483 1980 3536; x_wconf 65' lang='lat' dir='ltr'>gentes</span> <span class='ocrx_word' id='word_1_426' title='bbox 2002 3484 2181 3524; x_wconf 66' lang='lat' dir='ltr'>sanctum</span> 
     </span>
    </p>
   </div>
  </div>
 </body>
</html>
